@book{DBLP:series/synthesis/2016Raedt,
  author    = {Luc De Raedt and
               Kristian Kersting and
               Sriraam Natarajan and
               David Poole},
  title     = {Statistical Relational Artificial Intelligence: Logic, Probability,
               and Computation},
  series    = {Synthesis Lectures on Artificial Intelligence and Machine Learning},
  publisher = {Morgan {\&} Claypool Publishers},
  year      = {2016},
  url       = {https://doi.org/10.2200/S00692ED1V01Y201601AIM032},
  doi       = {10.2200/S00692ED1V01Y201601AIM032},
  timestamp = {Mon, 26 Oct 2020 08:19:26 +0100},
  biburl    = {https://dblp.org/rec/series/synthesis/2016Raedt.bib},
  bibsource = {dblp computer science bibliography, https://dblp.org}
}
@inproceedings{DBLP:conf/iaai/NatarajanKIJC13,
  author    = {Sriraam Natarajan and
               Kristian Kersting and
               Edward Ip and
               David R. Jacobs and
               Jeffrey Carr},
  editor    = {Hector Mu{\~{n}}oz{-}Avila and
               David J. Stracuzzi},
  title     = {Early Prediction of Coronary Artery Calcification Levels Using Machine
               Learning},
  booktitle = {Proceedings of the Twenty-Fifth Innovative Applications of Artificial
               Intelligence Conference, {IAAI} 2013, July 14-18, 2013, Bellevue,
               Washington, {USA}},
  publisher = {{AAAI}},
  year      = {2013},
  url       = {http://www.aaai.org/ocs/index.php/IAAI/IAAI13/paper/view/6330},
  timestamp = {Mon, 15 Jun 2015 19:00:08 +0200},
  biburl    = {https://dblp.org/rec/conf/iaai/NatarajanKIJC13.bib},
  bibsource = {dblp computer science bibliography, https://dblp.org}
}
@article{DBLP:journals/ijswis/NiuZRS12,
  author    = {Feng Niu and
               Ce Zhang and
               Christopher R{\'{e}} and
               Jude W. Shavlik},
  title     = {Elementary: Large-Scale Knowledge-Base Construction via Machine Learning
               and Statistical Inference},
  journal   = {Int. J. Semantic Web Inf. Syst.},
  volume    = {8},
  number    = {3},
  pages     = {42--73},
  year      = {2012},
  url       = {https://doi.org/10.4018/jswis.2012070103},
  doi       = {10.4018/jswis.2012070103},
  timestamp = {Tue, 12 Jan 2021 16:18:01 +0100},
  biburl    = {https://dblp.org/rec/journals/ijswis/NiuZRS12.bib},
  bibsource = {dblp computer science bibliography, https://dblp.org}
}
@inproceedings{DBLP:conf/emnlp/VenugopalCGN14,
  author    = {Deepak Venugopal and
               Chen Chen and
               Vibhav Gogate and
               Vincent Ng},
  editor    = {Alessandro Moschitti and
               Bo Pang and
               Walter Daelemans},
  title     = {Relieving the Computational Bottleneck: Joint Inference for Event
               Extraction with High-Dimensional Features},
  booktitle = {Proceedings of the 2014 Conference on Empirical Methods in Natural
               Language Processing, {EMNLP} 2014, October 25-29, 2014, Doha, Qatar,
               {A} meeting of SIGDAT, a Special Interest Group of the {ACL}},
  pages     = {831--843},
  publisher = {{ACL}},
  year      = {2014},
  url       = {https://doi.org/10.3115/v1/d14-1090},
  doi       = {10.3115/v1/d14-1090},
  timestamp = {Tue, 28 Jan 2020 10:28:20 +0100},
  biburl    = {https://dblp.org/rec/conf/emnlp/VenugopalCGN14.bib},
  bibsource = {dblp computer science bibliography, https://dblp.org}
}
@inproceedings{DBLP:conf/icml/JerniteRS15,
  author    = {Yacine Jernite and
               Alexander M. Rush and
               David A. Sontag},
  editor    = {Francis R. Bach and
               David M. Blei},
  title     = {A Fast Variational Approach for Learning Markov Random Field Language
               Models},
  booktitle = {Proceedings of the 32nd International Conference on Machine Learning,
               {ICML} 2015, Lille, France, 6-11 July 2015},
  series    = {{JMLR} Workshop and Conference Proceedings},
  volume    = {37},
  pages     = {2209--2217},
  publisher = {JMLR.org},
  year      = {2015},
  url       = {http://proceedings.mlr.press/v37/jernite15.html},
  timestamp = {Fri, 15 Nov 2019 17:16:09 +0100},
  biburl    = {https://dblp.org/rec/conf/icml/JerniteRS15.bib},
  bibsource = {dblp computer science bibliography, https://dblp.org}
}
@article{DBLP:journals/jair/BoutilierDH99,
  author    = {Craig Boutilier and
               Thomas L. Dean and
               Steve Hanks},
  title     = {Decision-Theoretic Planning: Structural Assumptions and Computational
               Leverage},
  journal   = {J. Artif. Intell. Res.},
  volume    = {11},
  pages     = {1--94},
  year      = {1999},
  url       = {https://doi.org/10.1613/jair.575},
  doi       = {10.1613/jair.575},
  timestamp = {Mon, 21 Jan 2019 15:01:17 +0100},
  biburl    = {https://dblp.org/rec/journals/jair/BoutilierDH99.bib},
  bibsource = {dblp computer science bibliography, https://dblp.org}
}
@article{DBLP:journals/ras/BeetzJMT10,
  author    = {Michael Beetz and
               Dominik Jain and
               Lorenz M{\"{o}}senlechner and
               Moritz Tenorth},
  title     = {Towards performing everyday manipulation activities},
  journal   = {Robotics Auton. Syst.},
  volume    = {58},
  number    = {9},
  pages     = {1085--1095},
  year      = {2010},
  url       = {https://doi.org/10.1016/j.robot.2010.05.007},
  doi       = {10.1016/j.robot.2010.05.007},
  timestamp = {Mon, 24 Feb 2020 15:57:32 +0100},
  biburl    = {https://dblp.org/rec/journals/ras/BeetzJMT10.bib},
  bibsource = {dblp computer science bibliography, https://dblp.org}
}
@article{sanner2010relational,
  title={Relational dynamic influence diagram language {(RDDL)}: Language description},
  author={Sanner, Scott},
  journal={Unpublished ms. Australian National University},
  volume={32},
  pages={27},
  year={2010},
  publisher={Citeseer}
}
@inproceedings{DBLP:conf/ijcai/RaedtKT07,
  author    = {Luc De Raedt and
               Angelika Kimmig and
               Hannu Toivonen},
  editor    = {Manuela M. Veloso},
  title     = {ProbLog: {A} Probabilistic Prolog and Its Application in Link Discovery},
  booktitle = {{IJCAI} 2007, Proceedings of the 20th International Joint Conference
               on Artificial Intelligence, Hyderabad, India, January 6-12, 2007},
  pages     = {2462--2467},
  year      = {2007},
  url       = {http://ijcai.org/Proceedings/07/Papers/396.pdf},
  timestamp = {Tue, 20 Aug 2019 16:18:51 +0200},
  biburl    = {https://dblp.org/rec/conf/ijcai/RaedtKT07.bib},
  bibsource = {dblp computer science bibliography, https://dblp.org}
}
@inproceedings{pearl1985bayesian,
  title={Bayesian networks: A model of self-activated memory for evidential reasoning},
  author={Pearl, Judea},
  booktitle={Proceedings of the 7th Conference of the Cognitive Science Society, University of California, Irvine, CA, USA},
  pages={15--17},
  year={1985}
}
@inproceedings{DBLP:conf/uai/Jaeger97,
  author    = {Manfred Jaeger},
  editor    = {Dan Geiger and
               Prakash P. Shenoy},
  title     = {Relational Bayesian Networks},
  booktitle = {{UAI} '97: Proceedings of the Thirteenth Conference on Uncertainty
               in Artificial Intelligence, Brown University, Providence, Rhode Island,
               USA, August 1-3, 1997},
  pages     = {266--273},
  publisher = {Morgan Kaufmann},
  year      = {1997},
  url       = {https://dslpitt.org/uai/displayArticleDetails.jsp?mmnu=1\&smnu=2\&article\_id=320\&proceeding\_id=13},
  timestamp = {Wed, 03 Feb 2021 11:09:16 +0100},
  biburl    = {https://dblp.org/rec/conf/uai/Jaeger97.bib},
  bibsource = {dblp computer science bibliography, https://dblp.org}
}
@book{kindermann1980markov,
  title={Markov Random Fields and Their Applications},
  author={Kindermann, R. and Snell, J. L.},
  isbn={9780821850015},
  lccn={lc80022764},
  series={Contemporary mathematics - American Mathematical Society},
  url={https://books.google.co.uk/books?id=NeVQAAAAMAAJ},
  year={1980},
  publisher={American Mathematical Society}
}
@article{DBLP:journals/ml/RichardsonD06,
  author    = {Matthew Richardson and
               Pedro M. Domingos},
  title     = {Markov logic networks},
  journal   = {Mach. Learn.},
  volume    = {62},
  number    = {1-2},
  pages     = {107--136},
  year      = {2006},
  url       = {https://doi.org/10.1007/s10994-006-5833-1},
  doi       = {10.1007/s10994-006-5833-1},
  timestamp = {Mon, 02 Mar 2020 16:29:54 +0100},
  biburl    = {https://dblp.org/rec/journals/ml/RichardsonD06.bib},
  bibsource = {dblp computer science bibliography, https://dblp.org}
}
@article{DBLP:journals/ai/ChaviraD08,
  author    = {Mark Chavira and
               Adnan Darwiche},
  title     = {On probabilistic inference by weighted model counting},
  journal   = {Artif. Intell.},
  volume    = {172},
  number    = {6-7},
  pages     = {772--799},
  year      = {2008},
  url       = {https://doi.org/10.1016/j.artint.2007.11.002},
  doi       = {10.1016/j.artint.2007.11.002},
  timestamp = {Sat, 27 May 2017 14:24:42 +0200},
  biburl    = {https://dblp.org/rec/journals/ai/ChaviraD08.bib},
  bibsource = {dblp computer science bibliography, https://dblp.org}
}
@inproceedings{DBLP:conf/ijcai/BellePB15,
  author    = {Vaishak Belle and
               Andrea Passerini and
               Guy Van den Broeck},
  editor    = {Qiang Yang and
               Michael J. Wooldridge},
  title     = {Probabilistic Inference in Hybrid Domains by Weighted Model Integration},
  booktitle = {Proceedings of the Twenty-Fourth International Joint Conference on
               Artificial Intelligence, {IJCAI} 2015, Buenos Aires, Argentina, July
               25-31, 2015},
  pages     = {2770--2776},
  publisher = {{AAAI} Press},
  year      = {2015},
  url       = {http://ijcai.org/Abstract/15/392},
  timestamp = {Tue, 20 Aug 2019 16:17:58 +0200},
  biburl    = {https://dblp.org/rec/conf/ijcai/BellePB15.bib},
  bibsource = {dblp computer science bibliography, https://dblp.org}
}
@inproceedings{DBLP:conf/ijcai/BroeckTMDR11,
  author    = {Guy Van den Broeck and
               Nima Taghipour and
               Wannes Meert and
               Jesse Davis and
               Luc De Raedt},
  editor    = {Toby Walsh},
  title     = {Lifted Probabilistic Inference by First-Order Knowledge Compilation},
  booktitle = {{IJCAI} 2011, Proceedings of the 22nd International Joint Conference
               on Artificial Intelligence, Barcelona, Catalonia, Spain, July 16-22,
               2011},
  pages     = {2178--2185},
  publisher = {{IJCAI/AAAI}},
  year      = {2011},
  url       = {https://doi.org/10.5591/978-1-57735-516-8/IJCAI11-363},
  doi       = {10.5591/978-1-57735-516-8/IJCAI11-363},
  timestamp = {Sun, 25 Oct 2020 23:13:55 +0100},
  biburl    = {https://dblp.org/rec/conf/ijcai/BroeckTMDR11.bib},
  bibsource = {dblp computer science bibliography, https://dblp.org}
}
@article{DBLP:journals/cacm/GogateD16,
  author    = {Vibhav Gogate and
               Pedro M. Domingos},
  title     = {Probabilistic theorem proving},
  journal   = {Commun. {ACM}},
  volume    = {59},
  number    = {7},
  pages     = {107--115},
  year      = {2016},
  url       = {https://doi.org/10.1145/2936726},
  doi       = {10.1145/2936726},
  timestamp = {Tue, 06 Nov 2018 12:51:41 +0100},
  biburl    = {https://dblp.org/rec/journals/cacm/GogateD16.bib},
  bibsource = {dblp computer science bibliography, https://dblp.org}
}
@article{DBLP:journals/ngc/Muggleton91,
  author    = {Stephen Muggleton},
  title     = {Inductive Logic Programming},
  journal   = {New Gener. Comput.},
  volume    = {8},
  number    = {4},
  pages     = {295--318},
  year      = {1991},
  url       = {https://doi.org/10.1007/BF03037089},
  doi       = {10.1007/BF03037089},
  timestamp = {Thu, 14 May 2020 22:23:49 +0200},
  biburl    = {https://dblp.org/rec/journals/ngc/Muggleton91.bib},
  bibsource = {dblp computer science bibliography, https://dblp.org}
}
@book{DBLP:conf/ilp/2008p,
  editor    = {Luc De Raedt and
               Paolo Frasconi and
               Kristian Kersting and
               Stephen Muggleton},
  title     = {Probabilistic Inductive Logic Programming - Theory and Applications},
  series    = {Lecture Notes in Computer Science},
  volume    = {4911},
  publisher = {Springer},
  year      = {2008},
  url       = {https://doi.org/10.1007/978-3-540-78652-8},
  doi       = {10.1007/978-3-540-78652-8},
  isbn      = {978-3-540-78651-1},
  timestamp = {Sun, 25 Oct 2020 23:05:35 +0100},
  biburl    = {https://dblp.org/rec/conf/ilp/2008p.bib},
  bibsource = {dblp computer science bibliography, https://dblp.org}
}
@inproceedings{DBLP:conf/icra/MoldovanMOSR12,
  author    = {Bogdan Moldovan and
               Plinio Moreno and
               Martijn van Otterlo and
               Jos{\'{e}} Santos{-}Victor and
               Luc De Raedt},
  title     = {Learning relational affordance models for robots in multi-object manipulation
               tasks},
  booktitle = {{IEEE} International Conference on Robotics and Automation, {ICRA}
               2012, 14-18 May, 2012, St. Paul, Minnesota, {USA}},
  pages     = {4373--4378},
  publisher = {{IEEE}},
  year      = {2012},
  url       = {https://doi.org/10.1109/ICRA.2012.6225042},
  doi       = {10.1109/ICRA.2012.6225042},
  timestamp = {Sun, 25 Oct 2020 23:03:37 +0100},
  biburl    = {https://dblp.org/rec/conf/icra/MoldovanMOSR12.bib},
  bibsource = {dblp computer science bibliography, https://dblp.org}
}
@inproceedings{DBLP:conf/ijcai/DriesKDBR17,
  author    = {Anton Dries and
               Angelika Kimmig and
               Jesse Davis and
               Vaishak Belle and
               Luc De Raedt},
  editor    = {Carles Sierra},
  title     = {Solving Probability Problems in Natural Language},
  booktitle = {Proceedings of the Twenty-Sixth International Joint Conference on
               Artificial Intelligence, {IJCAI} 2017, Melbourne, Australia, August
               19-25, 2017},
  pages     = {3981--3987},
  publisher = {ijcai.org},
  year      = {2017},
  url       = {https://doi.org/10.24963/ijcai.2017/556},
  doi       = {10.24963/ijcai.2017/556},
  timestamp = {Tue, 20 Aug 2019 16:18:03 +0200},
  biburl    = {https://dblp.org/rec/conf/ijcai/DriesKDBR17.bib},
  bibsource = {dblp computer science bibliography, https://dblp.org}
}
@inproceedings{DBLP:conf/ilp/Corte-RealD017,
  author    = {Joana C{\^{o}}rte{-}Real and
               In{\^{e}}s Dutra and
               Ricardo Rocha},
  editor    = {Nicolas Lachiche and
               Christel Vrain},
  title     = {On Applying Probabilistic Logic Programming to Breast Cancer Data},
  booktitle = {Inductive Logic Programming - 27th International Conference, {ILP}
               2017, Orl{\'{e}}ans, France, September 4-6, 2017, Revised Selected
               Papers},
  series    = {Lecture Notes in Computer Science},
  volume    = {10759},
  pages     = {31--45},
  publisher = {Springer},
  year      = {2017},
  url       = {https://doi.org/10.1007/978-3-319-78090-0\_3},
  doi       = {10.1007/978-3-319-78090-0\_3},
  timestamp = {Sat, 19 Oct 2019 20:26:46 +0200},
  biburl    = {https://dblp.org/rec/conf/ilp/Corte-RealD017.bib},
  bibsource = {dblp computer science bibliography, https://dblp.org}
}
@article{DBLP:journals/nar/MaeyerWRRM15,
  author    = {Dries De Maeyer and
               Bram Weytjens and
               Joris Renkens and
               Luc De Raedt and
               Kathleen Marchal},
  title     = {PheNetic: network-based interpretation of molecular profiling data},
  journal   = {Nucleic Acids Res.},
  volume    = {43},
  number    = {Webserver-Issue},
  pages     = {W244--W250},
  year      = {2015},
  url       = {https://doi.org/10.1093/nar/gkv347},
  doi       = {10.1093/nar/gkv347},
  timestamp = {Mon, 26 Oct 2020 08:52:20 +0100},
  biburl    = {https://dblp.org/rec/journals/nar/MaeyerWRRM15.bib},
  bibsource = {dblp computer science bibliography, https://dblp.org}
}
@inproceedings{DBLP:conf/ijcai/Darwiche11,
  author    = {Adnan Darwiche},
  editor    = {Toby Walsh},
  title     = {{SDD:} {A} New Canonical Representation of Propositional Knowledge
               Bases},
  booktitle = {{IJCAI} 2011, Proceedings of the 22nd International Joint Conference
               on Artificial Intelligence, Barcelona, Catalonia, Spain, July 16-22,
               2011},
  pages     = {819--826},
  publisher = {{IJCAI/AAAI}},
  year      = {2011},
  url       = {https://doi.org/10.5591/978-1-57735-516-8/IJCAI11-143},
  doi       = {10.5591/978-1-57735-516-8/IJCAI11-143},
  timestamp = {Tue, 20 Aug 2019 16:16:04 +0200},
  biburl    = {https://dblp.org/rec/conf/ijcai/Darwiche11.bib},
  bibsource = {dblp computer science bibliography, https://dblp.org}
}
@article{DBLP:journals/jancl/Darwiche01,
  author    = {Adnan Darwiche},
  title     = {On the Tractable Counting of Theory Models and its Application to
               Truth Maintenance and Belief Revision},
  journal   = {J. Appl. Non Class. Logics},
  volume    = {11},
  number    = {1-2},
  pages     = {11--34},
  year      = {2001},
  url       = {https://doi.org/10.3166/jancl.11.11-34},
  doi       = {10.3166/jancl.11.11-34},
  timestamp = {Sat, 25 Apr 2020 14:02:36 +0200},
  biburl    = {https://dblp.org/rec/journals/jancl/Darwiche01.bib},
  bibsource = {dblp computer science bibliography, https://dblp.org}
}
@inproceedings{DBLP:conf/kr/KisaBCD14,
  author    = {Doga Kisa and
               Guy Van den Broeck and
               Arthur Choi and
               Adnan Darwiche},
  editor    = {Chitta Baral and
               Giuseppe De Giacomo and
               Thomas Eiter},
  title     = {Probabilistic Sentential Decision Diagrams},
  booktitle = {Principles of Knowledge Representation and Reasoning: Proceedings
               of the Fourteenth International Conference, {KR} 2014, Vienna, Austria,
               July 20-24, 2014},
  publisher = {{AAAI} Press},
  year      = {2014},
  url       = {http://www.aaai.org/ocs/index.php/KR/KR14/paper/view/8005},
  timestamp = {Tue, 09 Feb 2021 08:33:44 +0100},
  biburl    = {https://dblp.org/rec/conf/kr/KisaBCD14.bib},
  bibsource = {dblp computer science bibliography, https://dblp.org}
}
@article{DBLP:journals/tc/Bryant86,
  author    = {Randal E. Bryant},
  title     = {Graph-Based Algorithms for Boolean Function Manipulation},
  journal   = {{IEEE} Trans. Computers},
  volume    = {35},
  number    = {8},
  pages     = {677--691},
  year      = {1986},
  url       = {https://doi.org/10.1109/TC.1986.1676819},
  doi       = {10.1109/TC.1986.1676819},
  timestamp = {Wed, 14 Nov 2018 10:48:32 +0100},
  biburl    = {https://dblp.org/rec/journals/tc/Bryant86.bib},
  bibsource = {dblp computer science bibliography, https://dblp.org}
}
@book{DBLP:books/daglib/0066829,
  author    = {Judea Pearl},
  title     = {Probabilistic reasoning in intelligent systems - networks of plausible
               inference},
  series    = {Morgan Kaufmann series in representation and reasoning},
  publisher = {Morgan Kaufmann},
  year      = {1989},
  timestamp = {Tue, 12 Apr 2011 15:08:30 +0200},
  biburl    = {https://dblp.org/rec/books/daglib/0066829.bib},
  bibsource = {dblp computer science bibliography, https://dblp.org}
}
@article{spitzer1971markov,
  title={Markov random fields and Gibbs ensembles},
  author={Spitzer, Frank},
  journal={The American Mathematical Monthly},
  volume={78},
  number={2},
  pages={142--154},
  year={1971},
  publisher={Taylor \& Francis}
}
@article{DBLP:journals/ai/Dechter99,
  author    = {Rina Dechter},
  title     = {Bucket Elimination: {A} Unifying Framework for Reasoning},
  journal   = {Artif. Intell.},
  volume    = {113},
  number    = {1-2},
  pages     = {41--85},
  year      = {1999},
  url       = {https://doi.org/10.1016/S0004-3702(99)00059-4},
  doi       = {10.1016/S0004-3702(99)00059-4},
  timestamp = {Sat, 27 May 2017 14:24:41 +0200},
  biburl    = {https://dblp.org/rec/journals/ai/Dechter99.bib},
  bibsource = {dblp computer science bibliography, https://dblp.org}
}
@article{DBLP:journals/ai/Darwiche01,
  author    = {Adnan Darwiche},
  title     = {Recursive conditioning},
  journal   = {Artif. Intell.},
  volume    = {126},
  number    = {1-2},
  pages     = {5--41},
  year      = {2001},
  url       = {https://doi.org/10.1016/S0004-3702(00)00069-2},
  doi       = {10.1016/S0004-3702(00)00069-2},
  timestamp = {Sat, 27 May 2017 14:24:41 +0200},
  biburl    = {https://dblp.org/rec/journals/ai/Darwiche01.bib},
  bibsource = {dblp computer science bibliography, https://dblp.org}
}
@article{lauritzen1988local,
  title={Local computations with probabilities on graphical structures and their application to expert systems},
  author={Lauritzen, Steffen L and Spiegelhalter, David J},
  journal={Journal of the Royal Statistical Society: Series B (Methodological)},
  volume={50},
  number={2},
  pages={157--194},
  year={1988},
  publisher={Wiley Online Library}
}
@article{DBLP:journals/ai/Poole97,
  author    = {David Poole},
  title     = {The Independent Choice Logic for Modelling Multiple Agents Under Uncertainty},
  journal   = {Artif. Intell.},
  volume    = {94},
  number    = {1-2},
  pages     = {7--56},
  year      = {1997},
  url       = {https://doi.org/10.1016/S0004-3702(97)00027-1},
  doi       = {10.1016/S0004-3702(97)00027-1},
  timestamp = {Wed, 14 Nov 2018 10:49:59 +0100},
  biburl    = {https://dblp.org/rec/journals/ai/Poole97.bib},
  bibsource = {dblp computer science bibliography, https://dblp.org}
}
@inproceedings{DBLP:conf/ijcai/SatoK97,
  author    = {Taisuke Sato and
               Yoshitaka Kameya},
  title     = {{PRISM:} {A} Language for Symbolic-Statistical Modeling},
  booktitle = {Proceedings of the Fifteenth International Joint Conference on Artificial
               Intelligence, {IJCAI} 97, Nagoya, Japan, August 23-29, 1997, 2 Volumes},
  pages     = {1330--1339},
  publisher = {Morgan Kaufmann},
  year      = {1997},
  url       = {http://ijcai.org/Proceedings/97-2/Papers/078.pdf},
  timestamp = {Tue, 20 Aug 2019 16:17:27 +0200},
  biburl    = {https://dblp.org/rec/conf/ijcai/SatoK97.bib},
  bibsource = {dblp computer science bibliography, https://dblp.org}
}
@article{DBLP:journals/tplp/VennekensDB09,
  author    = {Joost Vennekens and
               Marc Denecker and
               Maurice Bruynooghe},
  title     = {CP-logic: {A} language of causal probabilistic events and its relation
               to logic programming},
  journal   = {Theory Pract. Log. Program.},
  volume    = {9},
  number    = {3},
  pages     = {245--308},
  year      = {2009},
  url       = {https://doi.org/10.1017/S1471068409003767},
  doi       = {10.1017/S1471068409003767},
  timestamp = {Thu, 13 Feb 2020 14:39:46 +0100},
  biburl    = {https://dblp.org/rec/journals/tplp/VennekensDB09.bib},
  bibsource = {dblp computer science bibliography, https://dblp.org}
}
@inproceedings{DBLP:conf/ijcai/MilchMRSOK05,
  author    = {Brian Milch and
               Bhaskara Marthi and
               Stuart J. Russell and
               David A. Sontag and
               Daniel L. Ong and
               Andrey Kolobov},
  editor    = {Leslie Pack Kaelbling and
               Alessandro Saffiotti},
  title     = {{BLOG:} Probabilistic Models with Unknown Objects},
  booktitle = {IJCAI-05, Proceedings of the Nineteenth International Joint Conference
               on Artificial Intelligence, Edinburgh, Scotland, UK, July 30 - August
               5, 2005},
  pages     = {1352--1359},
  publisher = {Professional Book Center},
  year      = {2005},
  url       = {http://ijcai.org/Proceedings/05/Papers/1546.pdf},
  timestamp = {Fri, 15 Nov 2019 17:16:09 +0100},
  biburl    = {https://dblp.org/rec/conf/ijcai/MilchMRSOK05.bib},
  bibsource = {dblp computer science bibliography, https://dblp.org}
}
@inproceedings{DBLP:conf/uai/GoodmanMRBT08,
  author    = {Noah D. Goodman and
               Vikash K. Mansinghka and
               Daniel M. Roy and
               Keith Bonawitz and
               Joshua B. Tenenbaum},
  editor    = {David A. McAllester and
               Petri Myllym{\"{a}}ki},
  title     = {Church: a language for generative models},
  booktitle = {{UAI} 2008, Proceedings of the 24th Conference in Uncertainty in Artificial
               Intelligence, Helsinki, Finland, July 9-12, 2008},
  pages     = {220--229},
  publisher = {{AUAI} Press},
  year      = {2008},
  url       = {https://dslpitt.org/uai/displayArticleDetails.jsp?mmnu=1\&smnu=2\&article\_id=1346\&proceeding\_id=24},
  timestamp = {Wed, 03 Feb 2021 11:09:04 +0100},
  biburl    = {https://dblp.org/rec/conf/uai/GoodmanMRBT08.bib},
  bibsource = {dblp computer science bibliography, https://dblp.org}
}
@article{DBLP:journals/ijar/BelleR20,
  author    = {Vaishak Belle and
               Luc De Raedt},
  title     = {Semiring programming: {A} semantic framework for generalized sum product
               problems},
  journal   = {Int. J. Approx. Reason.},
  volume    = {126},
  pages     = {181--201},
  year      = {2020},
  url       = {https://doi.org/10.1016/j.ijar.2020.08.001},
  doi       = {10.1016/j.ijar.2020.08.001},
  timestamp = {Fri, 09 Apr 2021 18:23:40 +0200},
  biburl    = {https://dblp.org/rec/journals/ijar/BelleR20.bib},
  bibsource = {dblp computer science bibliography, https://dblp.org}
}
@article{DBLP:journals/jair/BacchusDP09,
  author    = {Fahiem Bacchus and
               Shannon Dalmao and
               Toniann Pitassi},
  title     = {Solving {\#}SAT and Bayesian Inference with Backtracking Search},
  journal   = {J. Artif. Intell. Res.},
  volume    = {34},
  pages     = {391--442},
  year      = {2009},
  url       = {https://doi.org/10.1613/jair.2648},
  doi       = {10.1613/jair.2648},
  timestamp = {Mon, 21 Jan 2019 15:01:17 +0100},
  biburl    = {https://dblp.org/rec/journals/jair/BacchusDP09.bib},
  bibsource = {dblp computer science bibliography, https://dblp.org}
}
@article{DBLP:journals/japll/KimmigBR17,
  author    = {Angelika Kimmig and
               Guy Van den Broeck and
               Luc De Raedt},
  title     = {Algebraic model counting},
  journal   = {J. Appl. Log.},
  volume    = {22},
  pages     = {46--62},
  year      = {2017},
  url       = {https://doi.org/10.1016/j.jal.2016.11.031},
  doi       = {10.1016/j.jal.2016.11.031},
  timestamp = {Mon, 26 Oct 2020 08:46:28 +0100},
  biburl    = {https://dblp.org/rec/journals/japll/KimmigBR17.bib},
  bibsource = {dblp computer science bibliography, https://dblp.org}
}
@inproceedings{DBLP:conf/aaai/Pearl82,
  author    = {Judea Pearl},
  editor    = {David L. Waltz},
  title     = {Reverend Bayes on Inference Engines: {A} Distributed Hierarchical
               Approach},
  booktitle = {Proceedings of the National Conference on Artificial Intelligence,
               Pittsburgh, PA, USA, August 18-20, 1982},
  pages     = {133--136},
  publisher = {{AAAI} Press},
  year      = {1982},
  url       = {http://www.aaai.org/Library/AAAI/1982/aaai82-032.php},
  timestamp = {Mon, 18 Jun 2018 21:18:41 +0200},
  biburl    = {https://dblp.org/rec/conf/aaai/Pearl82.bib},
  bibsource = {dblp computer science bibliography, https://dblp.org}
}
@article{DBLP:journals/kbs/Belle20,
  author    = {Vaishak Belle},
  title     = {Abstracting probabilistic models: Relations, constraints and beyond},
  journal   = {Knowl. Based Syst.},
  volume    = {199},
  pages     = {105976},
  year      = {2020},
  url       = {https://doi.org/10.1016/j.knosys.2020.105976},
  doi       = {10.1016/j.knosys.2020.105976},
  timestamp = {Fri, 10 Jul 2020 17:23:16 +0200},
  biburl    = {https://dblp.org/rec/journals/kbs/Belle20.bib},
  bibsource = {dblp computer science bibliography, https://dblp.org}
}
@inproceedings{DBLP:conf/aaai/LagniezM14,
  author    = {Jean{-}Marie Lagniez and
               Pierre Marquis},
  editor    = {Carla E. Brodley and
               Peter Stone},
  title     = {Preprocessing for Propositional Model Counting},
  booktitle = {Proceedings of the Twenty-Eighth {AAAI} Conference on Artificial Intelligence,
               July 27 -31, 2014, Qu{\'{e}}bec City, Qu{\'{e}}bec, Canada},
  pages     = {2688--2694},
  publisher = {{AAAI} Press},
  year      = {2014},
  url       = {http://www.aaai.org/ocs/index.php/AAAI/AAAI14/paper/view/8264},
  timestamp = {Thu, 18 Feb 2021 14:57:22 +0100},
  biburl    = {https://dblp.org/rec/conf/aaai/LagniezM14.bib},
  bibsource = {dblp computer science bibliography, https://dblp.org}
}
@inproceedings{DBLP:conf/aaai/DudekPV20,
  author    = {Jeffrey M. Dudek and
               Vu Phan and
               Moshe Y. Vardi},
  title     = {{ADDMC:} Weighted Model Counting with Algebraic Decision Diagrams},
  booktitle = {The Thirty-Fourth {AAAI} Conference on Artificial Intelligence, {AAAI}
               2020, The Thirty-Second Innovative Applications of Artificial Intelligence
               Conference, {IAAI} 2020, The Tenth {AAAI} Symposium on Educational
               Advances in Artificial Intelligence, {EAAI} 2020, New York, NY, USA,
               February 7-12, 2020},
  pages     = {1468--1476},
  publisher = {{AAAI} Press},
  year      = {2020},
  url       = {https://aaai.org/ojs/index.php/AAAI/article/view/5505},
  timestamp = {Tue, 02 Feb 2021 08:00:10 +0100},
  biburl    = {https://dblp.org/rec/conf/aaai/DudekPV20.bib},
  bibsource = {dblp computer science bibliography, https://dblp.org}
}
@inproceedings{DBLP:conf/cp/DudekPV20,
  author    = {Jeffrey M. Dudek and
               Vu H. N. Phan and
               Moshe Y. Vardi},
  editor    = {Helmut Simonis},
  title     = {{DPMC:} Weighted Model Counting by Dynamic Programming on Project-Join
               Trees},
  booktitle = {Principles and Practice of Constraint Programming - 26th International
               Conference, {CP} 2020, Louvain-la-Neuve, Belgium, September 7-11,
               2020, Proceedings},
  series    = {Lecture Notes in Computer Science},
  volume    = {12333},
  pages     = {211--230},
  publisher = {Springer},
  year      = {2020},
  url       = {https://doi.org/10.1007/978-3-030-58475-7\_13},
  doi       = {10.1007/978-3-030-58475-7\_13},
  timestamp = {Tue, 08 Sep 2020 19:28:09 +0200},
  biburl    = {https://dblp.org/rec/conf/cp/DudekPV20.bib},
  bibsource = {dblp computer science bibliography, https://dblp.org}
}
@article{DBLP:journals/jair/McCreeshPST18,
  author    = {Ciaran McCreesh and
               Patrick Prosser and
               Christine Solnon and
               James Trimble},
  title     = {When Subgraph Isomorphism is Really Hard, and Why This Matters for
               Graph Databases},
  journal   = {J. Artif. Intell. Res.},
  volume    = {61},
  pages     = {723--759},
  year      = {2018},
  url       = {https://doi.org/10.1613/jair.5768},
  doi       = {10.1613/jair.5768},
  timestamp = {Wed, 25 Sep 2019 18:01:09 +0200},
  biburl    = {https://dblp.org/rec/journals/jair/McCreeshPST18.bib},
  bibsource = {dblp computer science bibliography, https://dblp.org}
}
@inproceedings{DBLP:conf/cp/McCreeshPP19,
  author    = {Ciaran McCreesh and
               William Pettersson and
               Patrick Prosser},
  editor    = {Thomas Schiex and
               Simon de Givry},
  title     = {Understanding the Empirical Hardness of Random Optimisation Problems},
  booktitle = {Principles and Practice of Constraint Programming - 25th International
               Conference, {CP} 2019, Stamford, CT, USA, September 30 - October 4,
               2019, Proceedings},
  series    = {Lecture Notes in Computer Science},
  volume    = {11802},
  pages     = {333--349},
  publisher = {Springer},
  year      = {2019},
  url       = {https://doi.org/10.1007/978-3-030-30048-7\_20},
  doi       = {10.1007/978-3-030-30048-7\_20},
  timestamp = {Sat, 12 Oct 2019 12:51:45 +0200},
  biburl    = {https://dblp.org/rec/conf/cp/McCreeshPP19.bib},
  bibsource = {dblp computer science bibliography, https://dblp.org}
}
@inproceedings{DBLP:conf/ijcai/DudekMV17,
  author    = {Jeffrey M. Dudek and
               Kuldeep S. Meel and
               Moshe Y. Vardi},
  editor    = {Carles Sierra},
  title     = {The Hard Problems Are Almost Everywhere For Random {CNF-XOR} Formulas},
  booktitle = {Proceedings of the Twenty-Sixth International Joint Conference on
               Artificial Intelligence, {IJCAI} 2017, Melbourne, Australia, August
               19-25, 2017},
  pages     = {600--606},
  publisher = {ijcai.org},
  year      = {2017},
  url       = {https://doi.org/10.24963/ijcai.2017/84},
  doi       = {10.24963/ijcai.2017/84},
  timestamp = {Tue, 20 Aug 2019 16:16:54 +0200},
  biburl    = {https://dblp.org/rec/conf/ijcai/DudekMV17.bib},
  bibsource = {dblp computer science bibliography, https://dblp.org}
}
@inproceedings{DBLP:conf/ecai/Darwiche04,
  author    = {Adnan Darwiche},
  editor    = {Ram{\'{o}}n L{\'{o}}pez de M{\'{a}}ntaras and
               Lorenza Saitta},
  title     = {New Advances in Compiling {CNF} into Decomposable Negation Normal
               Form},
  booktitle = {Proceedings of the 16th Eureopean Conference on Artificial Intelligence,
               ECAI'2004, including Prestigious Applicants of Intelligent Systems,
               {PAIS} 2004, Valencia, Spain, August 22-27, 2004},
  pages     = {328--332},
  publisher = {{IOS} Press},
  year      = {2004},
  timestamp = {Fri, 11 May 2018 12:42:30 +0200},
  biburl    = {https://dblp.org/rec/conf/ecai/Darwiche04.bib},
  bibsource = {dblp computer science bibliography, https://dblp.org}
}
@inproceedings{DBLP:conf/sat/SangBBKP04,
  author    = {Tian Sang and
               Fahiem Bacchus and
               Paul Beame and
               Henry A. Kautz and
               Toniann Pitassi},
  title     = {Combining Component Caching and Clause Learning for Effective Model
               Counting},
  booktitle = {{SAT} 2004 - The Seventh International Conference on Theory and Applications
               of Satisfiability Testing, 10-13 May 2004, Vancouver, BC, Canada,
               Online Proceedings},
  year      = {2004},
  url       = {http://www.satisfiability.org/SAT04/programme/21.pdf},
  timestamp = {Thu, 12 Mar 2020 11:37:14 +0100},
  biburl    = {https://dblp.org/rec/conf/sat/SangBBKP04.bib},
  bibsource = {dblp computer science bibliography, https://dblp.org}
}
@inproceedings{DBLP:conf/sat/SangBK05,
  author    = {Tian Sang and
               Paul Beame and
               Henry A. Kautz},
  editor    = {Fahiem Bacchus and
               Toby Walsh},
  title     = {Heuristics for Fast Exact Model Counting},
  booktitle = {Theory and Applications of Satisfiability Testing, 8th International
               Conference, {SAT} 2005, St. Andrews, UK, June 19-23, 2005, Proceedings},
  series    = {Lecture Notes in Computer Science},
  volume    = {3569},
  pages     = {226--240},
  publisher = {Springer},
  year      = {2005},
  url       = {https://doi.org/10.1007/11499107\_17},
  doi       = {10.1007/11499107\_17},
  timestamp = {Tue, 14 May 2019 10:00:41 +0200},
  biburl    = {https://dblp.org/rec/conf/sat/SangBK05.bib},
  bibsource = {dblp computer science bibliography, https://dblp.org}
}
@inproceedings{DBLP:conf/aaai/SangBK05,
  author    = {Tian Sang and
               Paul Beame and
               Henry A. Kautz},
  editor    = {Manuela M. Veloso and
               Subbarao Kambhampati},
  title     = {Performing Bayesian Inference by Weighted Model Counting},
  booktitle = {Proceedings, The Twentieth National Conference on Artificial Intelligence
               and the Seventeenth Innovative Applications of Artificial Intelligence
               Conference, July 9-13, 2005, Pittsburgh, Pennsylvania, {USA}},
  pages     = {475--482},
  publisher = {{AAAI} Press / The {MIT} Press},
  year      = {2005},
  url       = {http://www.aaai.org/Library/AAAI/2005/aaai05-075.php},
  timestamp = {Wed, 10 Feb 2021 08:43:24 +0100},
  biburl    = {https://dblp.org/rec/conf/aaai/SangBK05.bib},
  bibsource = {dblp computer science bibliography, https://dblp.org}
}
@inproceedings{DBLP:conf/ijcai/LagniezM17,
  author    = {Jean{-}Marie Lagniez and
               Pierre Marquis},
  editor    = {Carles Sierra},
  title     = {An Improved Decision-DNNF Compiler},
  booktitle = {Proceedings of the Twenty-Sixth International Joint Conference on
               Artificial Intelligence, {IJCAI} 2017, Melbourne, Australia, August
               19-25, 2017},
  pages     = {667--673},
  publisher = {ijcai.org},
  year      = {2017},
  url       = {https://doi.org/10.24963/ijcai.2017/93},
  doi       = {10.24963/ijcai.2017/93},
  timestamp = {Tue, 20 Aug 2019 16:17:27 +0200},
  biburl    = {https://dblp.org/rec/conf/ijcai/LagniezM17.bib},
  bibsource = {dblp computer science bibliography, https://dblp.org}
}
@inproceedings{DBLP:conf/ijcai/OztokD15,
  author    = {Umut Oztok and
               Adnan Darwiche},
  editor    = {Qiang Yang and
               Michael J. Wooldridge},
  title     = {A Top-Down Compiler for Sentential Decision Diagrams},
  booktitle = {Proceedings of the Twenty-Fourth International Joint Conference on
               Artificial Intelligence, {IJCAI} 2015, Buenos Aires, Argentina, July
               25-31, 2015},
  pages     = {3141--3148},
  publisher = {{AAAI} Press},
  year      = {2015},
  url       = {http://ijcai.org/Abstract/15/443},
  timestamp = {Tue, 20 Aug 2019 16:16:44 +0200},
  biburl    = {https://dblp.org/rec/conf/ijcai/OztokD15.bib},
  bibsource = {dblp computer science bibliography, https://dblp.org}
}
@article{DBLP:journals/ai/SannerB09,
  author    = {Scott Sanner and
               Craig Boutilier},
  title     = {Practical solution techniques for first-order MDPs},
  journal   = {Artif. Intell.},
  volume    = {173},
  number    = {5-6},
  pages     = {748--788},
  year      = {2009},
  doi       = {10.1016/j.artint.2008.11.003},
  timestamp = {Sat, 27 May 2017 14:24:42 +0200},
  biburl    = {https://dblp.org/rec/journals/ai/SannerB09.bib},
  bibsource = {dblp computer science bibliography, https://dblp.org}
}
@article{bellman1957markovian,
  title={A Markovian decision process},
  author={Bellman, Richard},
  journal={Journal of mathematics and mechanics},
  volume={6},
  number={5},
  pages={679--684},
  year={1957},
  publisher={JSTOR}
}
@article{aastrom1965optimal,
  title={Optimal control of Markov processes with incomplete state information},
  author={{\AA}str{\"o}m, Karl Johan},
  journal={Journal of Mathematical Analysis and Applications},
  volume={10},
  number={1},
  pages={174--205},
  year={1965},
  publisher={Academic Press}
}
@inproceedings{DBLP:conf/cav/KwiatkowskaNP11,
  author    = {Marta Z. Kwiatkowska and
               Gethin Norman and
               David Parker},
  editor    = {Ganesh Gopalakrishnan and
               Shaz Qadeer},
  title     = {{PRISM} 4.0: Verification of Probabilistic Real-Time Systems},
  booktitle = {Computer Aided Verification - 23rd International Conference, {CAV}
               2011, Snowbird, UT, USA, July 14-20, 2011. Proceedings},
  series    = {Lecture Notes in Computer Science},
  volume    = {6806},
  pages     = {585--591},
  publisher = {Springer},
  year      = {2011},
  url       = {https://doi.org/10.1007/978-3-642-22110-1\_47},
  doi       = {10.1007/978-3-642-22110-1\_47},
  timestamp = {Tue, 14 May 2019 10:00:43 +0200},
  biburl    = {https://dblp.org/rec/conf/cav/KwiatkowskaNP11.bib},
  bibsource = {dblp computer science bibliography, https://dblp.org}
}
@book{DBLP:series/synthesis/2011Suciu,
  author    = {Dan Suciu and
               Dan Olteanu and
               Christopher R{\'{e}} and
               Christoph Koch},
  title     = {Probabilistic Databases},
  series    = {Synthesis Lectures on Data Management},
  publisher = {Morgan {\&} Claypool Publishers},
  year      = {2011},
  url       = {https://doi.org/10.2200/S00362ED1V01Y201105DTM016},
  doi       = {10.2200/S00362ED1V01Y201105DTM016},
  timestamp = {Tue, 16 May 2017 14:24:20 +0200},
  biburl    = {https://dblp.org/rec/series/synthesis/2011Suciu.bib},
  bibsource = {dblp computer science bibliography, https://dblp.org}
}
@inproceedings{DBLP:conf/icse/GordonHNR14,
  author    = {Andrew D. Gordon and
               Thomas A. Henzinger and
               Aditya V. Nori and
               Sriram K. Rajamani},
  editor    = {James D. Herbsleb and
               Matthew B. Dwyer},
  title     = {Probabilistic programming},
  booktitle = {Proceedings of the on Future of Software Engineering, {FOSE} 2014,
               Hyderabad, India, May 31 - June 7, 2014},
  pages     = {167--181},
  publisher = {{ACM}},
  year      = {2014},
  url       = {https://doi.org/10.1145/2593882.2593900},
  doi       = {10.1145/2593882.2593900},
  timestamp = {Tue, 06 Nov 2018 11:06:55 +0100},
  biburl    = {https://dblp.org/rec/conf/icse/GordonHNR14.bib},
  bibsource = {dblp computer science bibliography, https://dblp.org}
}
@article{DBLP:journals/ndjfl/Hailperin84,
  author    = {Theodore Hailperin},
  title     = {Probability logic},
  journal   = {Notre Dame J. Formal Log.},
  volume    = {25},
  number    = {3},
  pages     = {198--212},
  year      = {1984},
  url       = {https://doi.org/10.1305/ndjfl/1093870625},
  doi       = {10.1305/ndjfl/1093870625},
  timestamp = {Thu, 21 May 2020 20:05:51 +0200},
  biburl    = {https://dblp.org/rec/journals/ndjfl/Hailperin84.bib},
  bibsource = {dblp computer science bibliography, https://dblp.org}
}
@article{DBLP:journals/ai/Nilsson86,
  author    = {Nils J. Nilsson},
  title     = {Probabilistic Logic},
  journal   = {Artif. Intell.},
  volume    = {28},
  number    = {1},
  pages     = {71--87},
  year      = {1986},
  url       = {https://doi.org/10.1016/0004-3702(86)90031-7},
  doi       = {10.1016/0004-3702(86)90031-7},
  timestamp = {Sat, 27 May 2017 14:24:41 +0200},
  biburl    = {https://dblp.org/rec/journals/ai/Nilsson86.bib},
  bibsource = {dblp computer science bibliography, https://dblp.org}
}
@article{DBLP:journals/jcb/SakhanenkoG12,
  author    = {Nikita A. Sakhanenko and
               David J. Galas},
  title     = {Probabilistic Logic Methods and Some Applications to Biology and Medicine},
  journal   = {J. Comput. Biol.},
  volume    = {19},
  number    = {3},
  pages     = {316--336},
  year      = {2012},
  url       = {https://doi.org/10.1089/cmb.2011.0234},
  doi       = {10.1089/cmb.2011.0234},
  timestamp = {Thu, 12 Mar 2020 14:19:20 +0100},
  biburl    = {https://dblp.org/rec/journals/jcb/SakhanenkoG12.bib},
  bibsource = {dblp computer science bibliography, https://dblp.org}
}
@inproceedings{DBLP:conf/pkdd/NassifKBPSC13,
  author    = {Houssam Nassif and
               Finn Kuusisto and
               Elizabeth S. Burnside and
               David Page and
               Jude W. Shavlik and
               V{\'{\i}}tor Santos Costa},
  editor    = {Hendrik Blockeel and
               Kristian Kersting and
               Siegfried Nijssen and
               Filip Zelezn{\'{y}}},
  title     = {Score As You Lift {(SAYL):} {A} Statistical Relational Learning Approach
               to Uplift Modeling},
  booktitle = {Machine Learning and Knowledge Discovery in Databases - European Conference,
               {ECML} {PKDD} 2013, Prague, Czech Republic, September 23-27, 2013,
               Proceedings, Part {III}},
  series    = {Lecture Notes in Computer Science},
  volume    = {8190},
  pages     = {595--611},
  publisher = {Springer},
  year      = {2013},
  url       = {https://doi.org/10.1007/978-3-642-40994-3\_38},
  doi       = {10.1007/978-3-642-40994-3\_38},
  timestamp = {Sun, 02 Jun 2019 21:18:12 +0200},
  biburl    = {https://dblp.org/rec/conf/pkdd/NassifKBPSC13.bib},
  bibsource = {dblp computer science bibliography, https://dblp.org}
}
@inproceedings{DBLP:conf/naacl/PoonV10,
  author    = {Hoifung Poon and
               Lucy Vanderwende},
  title     = {Joint Inference for Knowledge Extraction from Biomedical Literature},
  booktitle = {Human Language Technologies: Conference of the North American Chapter
               of the Association of Computational Linguistics, Proceedings, June
               2-4, 2010, Los Angeles, California, {USA}},
  pages     = {813--821},
  publisher = {The Association for Computational Linguistics},
  year      = {2010},
  url       = {https://www.aclweb.org/anthology/N10-1123/},
  timestamp = {Mon, 16 Sep 2019 17:08:53 +0200},
  biburl    = {https://dblp.org/rec/conf/naacl/PoonV10.bib},
  bibsource = {dblp computer science bibliography, https://dblp.org}
}
@inproceedings{DBLP:conf/emnlp/VerbekeAMFDR12,
  author    = {Mathias Verbeke and
               Vincent Van Asch and
               Roser Morante and
               Paolo Frasconi and
               Walter Daelemans and
               Luc De Raedt},
  editor    = {Jun'ichi Tsujii and
               James Henderson and
               Marius Pasca},
  title     = {A Statistical Relational Learning Approach to Identifying Evidence
               Based Medicine Categories},
  booktitle = {Proceedings of the 2012 Joint Conference on Empirical Methods in Natural
               Language Processing and Computational Natural Language Learning, EMNLP-CoNLL
               2012, July 12-14, 2012, Jeju Island, Korea},
  pages     = {579--589},
  publisher = {{ACL}},
  year      = {2012},
  url       = {https://www.aclweb.org/anthology/D12-1053/},
  timestamp = {Fri, 13 Sep 2019 13:08:45 +0200},
  biburl    = {https://dblp.org/rec/conf/emnlp/VerbekeAMFDR12.bib},
  bibsource = {dblp computer science bibliography, https://dblp.org}
}
@inproceedings{DBLP:conf/aaai/CarlsonBKSHM10,
  author    = {Andrew Carlson and
               Justin Betteridge and
               Bryan Kisiel and
               Burr Settles and
               Estevam R. Hruschka Jr. and
               Tom M. Mitchell},
  editor    = {Maria Fox and
               David Poole},
  title     = {Toward an Architecture for Never-Ending Language Learning},
  booktitle = {Proceedings of the Twenty-Fourth {AAAI} Conference on Artificial Intelligence,
               {AAAI} 2010, Atlanta, Georgia, USA, July 11-15, 2010},
  publisher = {{AAAI} Press},
  year      = {2010},
  url       = {http://www.aaai.org/ocs/index.php/AAAI/AAAI10/paper/view/1879},
  timestamp = {Thu, 18 Feb 2021 15:11:00 +0100},
  biburl    = {https://dblp.org/rec/conf/aaai/CarlsonBKSHM10.bib},
  bibsource = {dblp computer science bibliography, https://dblp.org}
}
@inproceedings{DBLP:conf/iros/MoldovanR14,
  author    = {Bogdan Moldovan and
               Luc De Raedt},
  title     = {Learning relational affordance models for two-arm robots},
  booktitle = {2014 {IEEE/RSJ} International Conference on Intelligent Robots and
               Systems, Chicago, IL, USA, September 14-18, 2014},
  pages     = {2916--2922},
  publisher = {{IEEE}},
  year      = {2014},
  url       = {https://doi.org/10.1109/IROS.2014.6942964},
  doi       = {10.1109/IROS.2014.6942964},
  timestamp = {Sun, 25 Oct 2020 22:45:31 +0100},
  biburl    = {https://dblp.org/rec/conf/iros/MoldovanR14.bib},
  bibsource = {dblp computer science bibliography, https://dblp.org}
}
@inproceedings{DBLP:conf/icra/JainMB09,
  author    = {Dominik Jain and
               Lorenz M{\"{o}}senlechner and
               Michael Beetz},
  title     = {Equipping robot control programs with first-order probabilistic reasoning
               capabilities},
  booktitle = {2009 {IEEE} International Conference on Robotics and Automation, {ICRA}
               2009, Kobe, Japan, May 12-17, 2009},
  pages     = {3626--3631},
  publisher = {{IEEE}},
  year      = {2009},
  url       = {https://doi.org/10.1109/ROBOT.2009.5152676},
  doi       = {10.1109/ROBOT.2009.5152676},
  timestamp = {Wed, 14 Nov 2018 10:58:07 +0100},
  biburl    = {https://dblp.org/rec/conf/icra/JainMB09.bib},
  bibsource = {dblp computer science bibliography, https://dblp.org}
}
@inproceedings{DBLP:conf/ilp/MoldovanORMS11,
  author    = {Bogdan Moldovan and
               Martijn van Otterlo and
               Luc De Raedt and
               Plinio Moreno and
               Jos{\'{e}} Santos{-}Victor},
  editor    = {Stephen H. Muggleton and
               Hiroaki Watanabe},
  title     = {Statistical Relational Learning of Object Affordances for Robotic
               Manipulation},
  booktitle = {Latest Advances in Inductive Logic Programming, {ILP} 2011, Late Breaking
               Papers, Windsor Great Park, UK, July 31 - August 3, 2011},
  pages     = {95--103},
  publisher = {Imperial College Press / World Scientific},
  year      = {2011},
  url       = {https://doi.org/10.1142/9781783265091\_0012},
  doi       = {10.1142/9781783265091\_0012},
  timestamp = {Sun, 25 Oct 2020 23:05:35 +0100},
  biburl    = {https://dblp.org/rec/conf/ilp/MoldovanORMS11.bib},
  bibsource = {dblp computer science bibliography, https://dblp.org}
}
@inproceedings{DBLP:conf/icdm/ChandraSKTA14,
  author    = {Swarup Chandra and
               Justin Sahs and
               Latifur Khan and
               Bhavani M. Thuraisingham and
               Charu C. Aggarwal},
  editor    = {Ravi Kumar and
               Hannu Toivonen and
               Jian Pei and
               Joshua Zhexue Huang and
               Xindong Wu},
  title     = {Stream Mining Using Statistical Relational Learning},
  booktitle = {2014 {IEEE} International Conference on Data Mining, {ICDM} 2014,
               Shenzhen, China, December 14-17, 2014},
  pages     = {743--748},
  publisher = {{IEEE} Computer Society},
  year      = {2014},
  url       = {https://doi.org/10.1109/ICDM.2014.144},
  doi       = {10.1109/ICDM.2014.144},
  timestamp = {Fri, 09 Apr 2021 18:44:32 +0200},
  biburl    = {https://dblp.org/rec/conf/icdm/ChandraSKTA14.bib},
  bibsource = {dblp computer science bibliography, https://dblp.org}
}
@inproceedings{vlasselaer2012statistical,
  title={Statistical relational learning for prognostics},
  author={Vlasselaer, Jonas and Meert, Wannes},
  booktitle={Proceedings of the 21st Belgian-Dutch Conference on Machine Learning},
  pages={45--50},
  year={2012}
}
@article{DBLP:journals/corr/YangKAGN16,
  author    = {Shuo Yang and
               Mohammed Korayem and
               Khalifeh AlJadda and
               Trey Grainger and
               Sriraam Natarajan},
  title     = {Application of Statistical Relational Learning to Hybrid Recommendation
               Systems},
  journal   = {CoRR},
  volume    = {abs/1607.01050},
  year      = {2016},
  url       = {http://arxiv.org/abs/1607.01050},
  archivePrefix = {arXiv},
  eprint    = {1607.01050},
  timestamp = {Mon, 13 Aug 2018 16:47:12 +0200},
  biburl    = {https://dblp.org/rec/journals/corr/YangKAGN16.bib},
  bibsource = {dblp computer science bibliography, https://dblp.org}
}
@inproceedings{DBLP:conf/sdm/DelaneyFCWJ10,
  author    = {Brian Delaney and
               Andrew S. Fast and
               William M. Campbell and
               Clifford J. Weinstein and
               David D. Jensen},
  title     = {The Application of Statistical Relational Learning to a Database of
               Criminal and Terrorist Activity},
  booktitle = {Proceedings of the {SIAM} International Conference on Data Mining,
               {SDM} 2010, April 29 - May 1, 2010, Columbus, Ohio, {USA}},
  pages     = {409--417},
  publisher = {{SIAM}},
  year      = {2010},
  url       = {https://doi.org/10.1137/1.9781611972801.36},
  doi       = {10.1137/1.9781611972801.36},
  timestamp = {Wed, 17 May 2017 14:24:53 +0200},
  biburl    = {https://dblp.org/rec/conf/sdm/DelaneyFCWJ10.bib},
  bibsource = {dblp computer science bibliography, https://dblp.org}
}
@incollection{DBLP:series/sci/BrazAR08,
  author    = {Rodrigo de Salvo Braz and
               Eyal Amir and
               Dan Roth},
  editor    = {Dawn E. Holmes and
               Lakhmi C. Jain},
  title     = {A Survey of First-Order Probabilistic Models},
  booktitle = {Innovations in Bayesian Networks: Theory and Applications},
  series    = {Studies in Computational Intelligence},
  volume    = {156},
  pages     = {289--317},
  publisher = {Springer},
  year      = {2008},
  url       = {https://doi.org/10.1007/978-3-540-85066-3\_12},
  doi       = {10.1007/978-3-540-85066-3\_12},
  timestamp = {Tue, 16 May 2017 14:24:31 +0200},
  biburl    = {https://dblp.org/rec/series/sci/BrazAR08.bib},
  bibsource = {dblp computer science bibliography, https://dblp.org}
}
@inproceedings{DBLP:conf/ecai/BartKLM16,
  author    = {Anicet Bart and
               Fr{\'{e}}d{\'{e}}ric Koriche and
               Jean{-}Marie Lagniez and
               Pierre Marquis},
  editor    = {Gal A. Kaminka and
               Maria Fox and
               Paolo Bouquet and
               Eyke H{\"{u}}llermeier and
               Virginia Dignum and
               Frank Dignum and
               Frank van Harmelen},
  title     = {An Improved {CNF} Encoding Scheme for Probabilistic Inference},
  booktitle = {{ECAI} 2016 - 22nd European Conference on Artificial Intelligence,
               29 August-2 September 2016, The Hague, The Netherlands - Including
               Prestigious Applications of Artificial Intelligence {(PAIS} 2016)},
  series    = {Frontiers in Artificial Intelligence and Applications},
  volume    = {285},
  pages     = {613--621},
  publisher = {{IOS} Press},
  year      = {2016},
  url       = {https://doi.org/10.3233/978-1-61499-672-9-613},
  doi       = {10.3233/978-1-61499-672-9-613},
  timestamp = {Wed, 24 May 2017 08:27:20 +0200},
  biburl    = {https://dblp.org/rec/conf/ecai/BartKLM16.bib},
  bibsource = {dblp computer science bibliography, https://dblp.org}
}
@inproceedings{DBLP:conf/ijcai/ChaviraD05,
  author    = {Mark Chavira and
               Adnan Darwiche},
  editor    = {Leslie Pack Kaelbling and
               Alessandro Saffiotti},
  title     = {Compiling Bayesian Networks with Local Structure},
  booktitle = {IJCAI-05, Proceedings of the Nineteenth International Joint Conference
               on Artificial Intelligence, Edinburgh, Scotland, UK, July 30 - August
               5, 2005},
  pages     = {1306--1312},
  publisher = {Professional Book Center},
  year      = {2005},
  url       = {http://ijcai.org/Proceedings/05/Papers/0931.pdf},
  timestamp = {Tue, 20 Aug 2019 16:17:00 +0200},
  biburl    = {https://dblp.org/rec/conf/ijcai/ChaviraD05.bib},
  bibsource = {dblp computer science bibliography, https://dblp.org}
}
@inproceedings{DBLP:conf/sat/ChaviraD06,
  author    = {Mark Chavira and
               Adnan Darwiche},
  editor    = {Armin Biere and
               Carla P. Gomes},
  title     = {Encoding CNFs to Empower Component Analysis},
  booktitle = {Theory and Applications of Satisfiability Testing - {SAT} 2006, 9th
               International Conference, Seattle, WA, USA, August 12-15, 2006, Proceedings},
  series    = {Lecture Notes in Computer Science},
  volume    = {4121},
  pages     = {61--74},
  publisher = {Springer},
  year      = {2006},
  url       = {https://doi.org/10.1007/11814948\_9},
  doi       = {10.1007/11814948\_9},
  timestamp = {Tue, 14 May 2019 10:00:41 +0200},
  biburl    = {https://dblp.org/rec/conf/sat/ChaviraD06.bib},
  bibsource = {dblp computer science bibliography, https://dblp.org}
}
@inproceedings{DBLP:conf/kr/Darwiche02,
  author    = {Adnan Darwiche},
  editor    = {Dieter Fensel and
               Fausto Giunchiglia and
               Deborah L. McGuinness and
               Mary{-}Anne Williams},
  title     = {A Logical Approach to Factoring Belief Networks},
  booktitle = {Proceedings of the Eights International Conference on Principles and
               Knowledge Representation and Reasoning (KR-02), Toulouse, France,
               April 22-25, 2002},
  pages     = {409--420},
  publisher = {Morgan Kaufmann},
  year      = {2002},
  timestamp = {Tue, 22 Jul 2003 15:20:23 +0200},
  biburl    = {https://dblp.org/rec/conf/kr/Darwiche02.bib},
  bibsource = {dblp computer science bibliography, https://dblp.org}
}
@inproceedings{DBLP:conf/aaai/SangBK05,
  author    = {Tian Sang and
               Paul Beame and
               Henry A. Kautz},
  editor    = {Manuela M. Veloso and
               Subbarao Kambhampati},
  title     = {Performing Bayesian Inference by Weighted Model Counting},
  booktitle = {Proceedings, The Twentieth National Conference on Artificial Intelligence
               and the Seventeenth Innovative Applications of Artificial Intelligence
               Conference, July 9-13, 2005, Pittsburgh, Pennsylvania, {USA}},
  pages     = {475--482},
  publisher = {{AAAI} Press / The {MIT} Press},
  year      = {2005},
  url       = {http://www.aaai.org/Library/AAAI/2005/aaai05-075.php},
  timestamp = {Wed, 10 Feb 2021 08:43:24 +0100},
  biburl    = {https://dblp.org/rec/conf/aaai/SangBK05.bib},
  bibsource = {dblp computer science bibliography, https://dblp.org}
}
@phdthesis{shen2020modeling,
  title={Modeling, Learning and Reasoning with Structured Bayesian Networks},
  author={Shen, Yujia},
  year={2020},
  school={UCLA}
}
@inproceedings{DBLP:conf/ecsqaru/ChoiKD13,
  author    = {Arthur Choi and
               Doga Kisa and
               Adnan Darwiche},
  editor    = {Linda C. van der Gaag},
  title     = {Compiling Probabilistic Graphical Models Using Sentential Decision
               Diagrams},
  booktitle = {Symbolic and Quantitative Approaches to Reasoning with Uncertainty
               - 12th European Conference, {ECSQARU} 2013, Utrecht, The Netherlands,
               July 8-10, 2013. Proceedings},
  series    = {Lecture Notes in Computer Science},
  volume    = {7958},
  pages     = {121--132},
  publisher = {Springer},
  year      = {2013},
  url       = {https://doi.org/10.1007/978-3-642-39091-3\_11},
  doi       = {10.1007/978-3-642-39091-3\_11},
  timestamp = {Tue, 14 May 2019 10:00:54 +0200},
  biburl    = {https://dblp.org/rec/conf/ecsqaru/ChoiKD13.bib},
  bibsource = {dblp computer science bibliography, https://dblp.org}
}
@inproceedings{DBLP:conf/aaai/Belle17,
  author    = {Vaishak Belle},
  editor    = {Satinder P. Singh and
               Shaul Markovitch},
  title     = {Open-Universe Weighted Model Counting},
  booktitle = {Proceedings of the Thirty-First {AAAI} Conference on Artificial Intelligence,
               February 4-9, 2017, San Francisco, California, {USA}},
  pages     = {3701--3708},
  publisher = {{AAAI} Press},
  year      = {2017},
  url       = {http://aaai.org/ocs/index.php/AAAI/AAAI17/paper/view/15008},
  timestamp = {Wed, 10 Feb 2021 08:43:31 +0100},
  biburl    = {https://dblp.org/rec/conf/aaai/Belle17.bib},
  bibsource = {dblp computer science bibliography, https://dblp.org}
}
@inproceedings{DBLP:conf/icml/XuZFLB18,
  author    = {Jingyi Xu and
               Zilu Zhang and
               Tal Friedman and
               Yitao Liang and
               Guy Van den Broeck},
  editor    = {Jennifer G. Dy and
               Andreas Krause},
  title     = {A Semantic Loss Function for Deep Learning with Symbolic Knowledge},
  booktitle = {Proceedings of the 35th International Conference on Machine Learning,
               {ICML} 2018, Stockholmsm{\"{a}}ssan, Stockholm, Sweden, July
               10-15, 2018},
  series    = {Proceedings of Machine Learning Research},
  volume    = {80},
  pages     = {5498--5507},
  publisher = {{PMLR}},
  year      = {2018},
  url       = {http://proceedings.mlr.press/v80/xu18h.html},
  timestamp = {Wed, 03 Apr 2019 18:17:30 +0200},
  biburl    = {https://dblp.org/rec/conf/icml/XuZFLB18.bib},
  bibsource = {dblp computer science bibliography, https://dblp.org}
}
@article{DBLP:journals/corr/abs-2010-11926,
  author    = {Efthymia Tsamoura and
               Loizos Michael},
  title     = {Neural-Symbolic Integration: {A} Compositional Perspective},
  journal   = {CoRR},
  volume    = {abs/2010.11926},
  year      = {2020},
  url       = {https://arxiv.org/abs/2010.11926},
  archivePrefix = {arXiv},
  eprint    = {2010.11926},
  timestamp = {Tue, 27 Oct 2020 11:22:08 +0100},
  biburl    = {https://dblp.org/rec/journals/corr/abs-2010-11926.bib},
  bibsource = {dblp computer science bibliography, https://dblp.org}
}
@article{DBLP:journals/corr/abs-2005-09089,
  author    = {Steven Holtzen and
               Guy Van den Broeck and
               Todd D. Millstein},
  title     = {Dice: Compiling Discrete Probabilistic Programs for Scalable Inference},
  journal   = {CoRR},
  volume    = {abs/2005.09089},
  year      = {2020},
  url       = {https://arxiv.org/abs/2005.09089},
  archivePrefix = {arXiv},
  eprint    = {2005.09089},
  timestamp = {Fri, 22 May 2020 16:21:29 +0200},
  biburl    = {https://dblp.org/rec/journals/corr/abs-2005-09089.bib},
  bibsource = {dblp computer science bibliography, https://dblp.org}
}
@article{DBLP:journals/pacmpl/HoltzenBM20,
  author    = {Steven Holtzen and
               Guy Van den Broeck and
               Todd D. Millstein},
  title     = {Scaling exact inference for discrete probabilistic programs},
  journal   = {Proc. {ACM} Program. Lang.},
  volume    = {4},
  number    = {{OOPSLA}},
  pages     = {140:1--140:31},
  year      = {2020},
  url       = {https://doi.org/10.1145/3428208},
  doi       = {10.1145/3428208},
  timestamp = {Wed, 17 Feb 2021 08:54:05 +0100},
  biburl    = {https://dblp.org/rec/journals/pacmpl/HoltzenBM20.bib},
  bibsource = {dblp computer science bibliography, https://dblp.org}
}
@article{DBLP:journals/tplp/FierensBRSGTJR15,
  author    = {Daan Fierens and
               Guy Van den Broeck and
               Joris Renkens and
               Dimitar Sht. Shterionov and
               Bernd Gutmann and
               Ingo Thon and
               Gerda Janssens and
               Luc De Raedt},
  title     = {Inference and learning in probabilistic logic programs using weighted
               Boolean formulas},
  journal   = {Theory Pract. Log. Program.},
  volume    = {15},
  number    = {3},
  pages     = {358--401},
  year      = {2015},
  url       = {https://doi.org/10.1017/S1471068414000076},
  doi       = {10.1017/S1471068414000076},
  timestamp = {Mon, 26 Oct 2020 08:22:48 +0100},
  biburl    = {https://dblp.org/rec/journals/tplp/FierensBRSGTJR15.bib},
  bibsource = {dblp computer science bibliography, https://dblp.org}
}
@inproceedings{DBLP:conf/aaai/VlasselaerKDMR16,
  author    = {Jonas Vlasselaer and
               Angelika Kimmig and
               Anton Dries and
               Wannes Meert and
               Luc De Raedt},
  editor    = {Adnan Darwiche},
  title     = {Knowledge Compilation and Weighted Model Counting for Inference in
               Probabilistic Logic Programs},
  booktitle = {Beyond NP, Papers from the 2016 {AAAI} Workshop, Phoenix, Arizona,
               USA, February 12, 2016},
  series    = {{AAAI} Workshops},
  volume    = {{WS-16-05}},
  publisher = {{AAAI} Press},
  year      = {2016},
  url       = {http://www.aaai.org/ocs/index.php/WS/AAAIW16/paper/view/12631},
  timestamp = {Thu, 18 Feb 2021 14:57:39 +0100},
  biburl    = {https://dblp.org/rec/conf/aaai/VlasselaerKDMR16.bib},
  bibsource = {dblp computer science bibliography, https://dblp.org}
}
@inproceedings{DBLP:conf/aaai/RenkensKBR14,
  author    = {Joris Renkens and
               Angelika Kimmig and
               Guy Van den Broeck and
               Luc De Raedt},
  editor    = {Carla E. Brodley and
               Peter Stone},
  title     = {Explanation-Based Approximate Weighted Model Counting for Probabilistic
               Logics},
  booktitle = {Proceedings of the Twenty-Eighth {AAAI} Conference on Artificial Intelligence,
               July 27 -31, 2014, Qu{\'{e}}bec City, Qu{\'{e}}bec, Canada},
  pages     = {2490--2496},
  publisher = {{AAAI} Press},
  year      = {2014},
  url       = {http://www.aaai.org/ocs/index.php/AAAI/AAAI14/paper/view/8484},
  timestamp = {Thu, 18 Feb 2021 14:57:36 +0100},
  biburl    = {https://dblp.org/rec/conf/aaai/RenkensKBR14.bib},
  bibsource = {dblp computer science bibliography, https://dblp.org}
}
@inproceedings{DBLP:conf/pgm/DalLL18,
  author    = {Giso H. Dal and
               Alfons W. Laarman and
               Peter J. F. Lucas},
  editor    = {Milan Studen{\'{y}} and
               V{\'{a}}clav Kratochv{\'{\i}}l},
  title     = {Parallel Probabilistic Inference by Weighted Model Counting},
  booktitle = {International Conference on Probabilistic Graphical Models, {PGM}
               2018, 11-14 September 2018, Prague, Czech Republic},
  series    = {Proceedings of Machine Learning Research},
  volume    = {72},
  pages     = {97--108},
  publisher = {{PMLR}},
  year      = {2018},
  url       = {http://proceedings.mlr.press/v72/dal18a.html},
  timestamp = {Thu, 21 Jan 2021 17:36:39 +0100},
  biburl    = {https://dblp.org/rec/conf/pgm/DalLL18.bib},
  bibsource = {dblp computer science bibliography, https://dblp.org}
}
@inproceedings{DBLP:conf/ijcai/ChakrabortyFMV15,
  author    = {Supratik Chakraborty and
               Dror Fried and
               Kuldeep S. Meel and
               Moshe Y. Vardi},
  editor    = {Qiang Yang and
               Michael J. Wooldridge},
  title     = {From Weighted to Unweighted Model Counting},
  booktitle = {Proceedings of the Twenty-Fourth International Joint Conference on
               Artificial Intelligence, {IJCAI} 2015, Buenos Aires, Argentina, July
               25-31, 2015},
  pages     = {689--695},
  publisher = {{AAAI} Press},
  year      = {2015},
  url       = {http://ijcai.org/Abstract/15/103},
  timestamp = {Tue, 20 Aug 2019 16:17:58 +0200},
  biburl    = {https://dblp.org/rec/conf/ijcai/ChakrabortyFMV15.bib},
  bibsource = {dblp computer science bibliography, https://dblp.org}
}
@article{DBLP:journals/fmsd/BaharFGHMPS97,
  author    = {R. Iris Bahar and
               Erica A. Frohm and
               Charles M. Gaona and
               Gary D. Hachtel and
               Enrico Macii and
               Abelardo Pardo and
               Fabio Somenzi},
  title     = {Algebraic Decision Diagrams and Their Applications},
  journal   = {Formal Methods Syst. Des.},
  volume    = {10},
  number    = {2/3},
  pages     = {171--206},
  year      = {1997},
  url       = {https://doi.org/10.1023/A:1008699807402},
  doi       = {10.1023/A:1008699807402},
  timestamp = {Fri, 27 Mar 2020 08:37:15 +0100},
  biburl    = {https://dblp.org/rec/journals/fmsd/BaharFGHMPS97.bib},
  bibsource = {dblp computer science bibliography, https://dblp.org}
}
@inproceedings{DBLP:conf/uai/BoutilierFGK96,
  author    = {Craig Boutilier and
               Nir Friedman and
               Mois{\'{e}}s Goldszmidt and
               Daphne Koller},
  editor    = {Eric Horvitz and
               Finn Verner Jensen},
  title     = {Context-Specific Independence in Bayesian Networks},
  booktitle = {{UAI} '96: Proceedings of the Twelfth Annual Conference on Uncertainty
               in Artificial Intelligence, Reed College, Portland, Oregon, USA, August
               1-4, 1996},
  pages     = {115--123},
  publisher = {Morgan Kaufmann},
  year      = {1996},
  url       = {https://dslpitt.org/uai/displayArticleDetails.jsp?mmnu=1\&smnu=2\&article\_id=359\&proceeding\_id=12},
  timestamp = {Wed, 03 Feb 2021 11:09:49 +0100},
  biburl    = {https://dblp.org/rec/conf/uai/BoutilierFGK96.bib},
  bibsource = {dblp computer science bibliography, https://dblp.org}
}
@inproceedings{DBLP:conf/ijcai/SannerM05,
  author    = {Scott Sanner and
               David A. McAllester},
  editor    = {Leslie Pack Kaelbling and
               Alessandro Saffiotti},
  title     = {Affine Algebraic Decision Diagrams (AADDs) and their Application to
               Structured Probabilistic Inference},
  booktitle = {IJCAI-05, Proceedings of the Nineteenth International Joint Conference
               on Artificial Intelligence, Edinburgh, Scotland, UK, July 30 - August
               5, 2005},
  pages     = {1384--1390},
  publisher = {Professional Book Center},
  year      = {2005},
  url       = {http://ijcai.org/Proceedings/05/Papers/1439.pdf},
  timestamp = {Tue, 20 Aug 2019 16:19:14 +0200},
  biburl    = {https://dblp.org/rec/conf/ijcai/SannerM05.bib},
  bibsource = {dblp computer science bibliography, https://dblp.org}
}
@article{DBLP:journals/ai/SannerB09,
  author    = {Scott Sanner and
               Craig Boutilier},
  title     = {Practical solution techniques for first-order MDPs},
  journal   = {Artif. Intell.},
  volume    = {173},
  number    = {5-6},
  pages     = {748--788},
  year      = {2009},
  url       = {https://doi.org/10.1016/j.artint.2008.11.003},
  doi       = {10.1016/j.artint.2008.11.003},
  timestamp = {Sat, 27 May 2017 14:24:42 +0200},
  biburl    = {https://dblp.org/rec/journals/ai/SannerB09.bib},
  bibsource = {dblp computer science bibliography, https://dblp.org}
}
@inproceedings{DBLP:conf/uai/SannerDB11,
  author    = {Scott Sanner and
               Karina Valdivia Delgado and
               Leliane Nunes de Barros},
  editor    = {F{\'{a}}bio Gagliardi Cozman and
               Avi Pfeffer},
  title     = {Symbolic Dynamic Programming for Discrete and Continuous State MDPs},
  booktitle = {{UAI} 2011, Proceedings of the Twenty-Seventh Conference on Uncertainty
               in Artificial Intelligence, Barcelona, Spain, July 14-17, 2011},
  pages     = {643--652},
  publisher = {{AUAI} Press},
  year      = {2011},
  url       = {https://dslpitt.org/uai/displayArticleDetails.jsp?mmnu=1\&smnu=2\&article\_id=2223\&proceeding\_id=27},
  timestamp = {Wed, 03 Feb 2021 11:09:31 +0100},
  biburl    = {https://dblp.org/rec/conf/uai/SannerDB11.bib},
  bibsource = {dblp computer science bibliography, https://dblp.org}
}
@inproceedings{DBLP:conf/ijcai/ChaviraD07,
  author    = {Mark Chavira and
               Adnan Darwiche},
  editor    = {Manuela M. Veloso},
  title     = {Compiling Bayesian Networks Using Variable Elimination},
  booktitle = {{IJCAI} 2007, Proceedings of the 20th International Joint Conference
               on Artificial Intelligence, Hyderabad, India, January 6-12, 2007},
  pages     = {2443--2449},
  year      = {2007},
  url       = {http://ijcai.org/Proceedings/07/Papers/393.pdf},
  timestamp = {Tue, 20 Aug 2019 16:18:58 +0200},
  biburl    = {https://dblp.org/rec/conf/ijcai/ChaviraD07.bib},
  bibsource = {dblp computer science bibliography, https://dblp.org}
}
@inproceedings{DBLP:conf/uai/GogateD11,
  author    = {Vibhav Gogate and
               Pedro M. Domingos},
  editor    = {F{\'{a}}bio Gagliardi Cozman and
               Avi Pfeffer},
  title     = {Approximation by Quantization},
  booktitle = {{UAI} 2011, Proceedings of the Twenty-Seventh Conference on Uncertainty
               in Artificial Intelligence, Barcelona, Spain, July 14-17, 2011},
  pages     = {247--255},
  publisher = {{AUAI} Press},
  year      = {2011},
  url       = {https://dslpitt.org/uai/displayArticleDetails.jsp?mmnu=1\&smnu=2\&article\_id=2245\&proceeding\_id=27},
  timestamp = {Wed, 03 Feb 2021 11:09:28 +0100},
  biburl    = {https://dblp.org/rec/conf/uai/GogateD11.bib},
  bibsource = {dblp computer science bibliography, https://dblp.org}
}
@inproceedings{DBLP:conf/uai/HoeySHB99,
  author    = {Jesse Hoey and
               Robert St{-}Aubin and
               Alan J. Hu and
               Craig Boutilier},
  editor    = {Kathryn B. Laskey and
               Henri Prade},
  title     = {{SPUDD:} Stochastic Planning using Decision Diagrams},
  booktitle = {{UAI} '99: Proceedings of the Fifteenth Conference on Uncertainty
               in Artificial Intelligence, Stockholm, Sweden, July 30 - August 1,
               1999},
  pages     = {279--288},
  publisher = {Morgan Kaufmann},
  year      = {1999},
  url       = {https://dslpitt.org/uai/displayArticleDetails.jsp?mmnu=1\&smnu=2\&article\_id=178\&proceeding\_id=15},
  timestamp = {Wed, 03 Feb 2021 11:09:11 +0100},
  biburl    = {https://dblp.org/rec/conf/uai/HoeySHB99.bib},
  bibsource = {dblp computer science bibliography, https://dblp.org}
}
@article{DBLP:journals/jacm/DavisP60,
  author    = {Martin Davis and
               Hilary Putnam},
  title     = {A Computing Procedure for Quantification Theory},
  journal   = {J. {ACM}},
  volume    = {7},
  number    = {3},
  pages     = {201--215},
  year      = {1960},
  url       = {http://doi.acm.org/10.1145/321033.321034},
  doi       = {10.1145/321033.321034},
  timestamp = {Wed, 14 Nov 2018 10:35:26 +0100},
  biburl    = {https://dblp.org/rec/journals/jacm/DavisP60.bib},
  bibsource = {dblp computer science bibliography, https://dblp.org}
}
@article{DBLP:journals/ai/Dechter99,
  author    = {Rina Dechter},
  title     = {Bucket Elimination: {A} Unifying Framework for Reasoning},
  journal   = {Artif. Intell.},
  volume    = {113},
  number    = {1-2},
  pages     = {41--85},
  year      = {1999},
  url       = {https://doi.org/10.1016/S0004-3702(99)00059-4},
  doi       = {10.1016/S0004-3702(99)00059-4},
  timestamp = {Sat, 27 May 2017 14:24:41 +0200},
  biburl    = {https://dblp.org/rec/journals/ai/Dechter99.bib},
  bibsource = {dblp computer science bibliography, https://dblp.org}
}
@book{nilsson1980principles,
  title={Principles of Artificial Intelligence},
  author={Nilsson, N.J.},
  isbn={9780935382013},
  lccn={79067584},
  series={Symbolic computation},
  url={https://books.google.co.uk/books?id=0HtQAAAAMAAJ},
  year={1980},
  publisher={Tioga Publishing Company}
}
@article{DBLP:journals/ai/DechterM07,
  author    = {Rina Dechter and
               Robert Mateescu},
  title     = {{AND/OR} search spaces for graphical models},
  journal   = {Artif. Intell.},
  volume    = {171},
  number    = {2-3},
  pages     = {73--106},
  year      = {2007},
  url       = {https://doi.org/10.1016/j.artint.2006.11.003},
  doi       = {10.1016/j.artint.2006.11.003},
  timestamp = {Sat, 27 May 2017 14:24:42 +0200},
  biburl    = {https://dblp.org/rec/journals/ai/DechterM07.bib},
  bibsource = {dblp computer science bibliography, https://dblp.org}
}
@article{DBLP:journals/jair/DarwicheM02,
  author    = {Adnan Darwiche and
               Pierre Marquis},
  title     = {A Knowledge Compilation Map},
  journal   = {J. Artif. Intell. Res.},
  volume    = {17},
  pages     = {229--264},
  year      = {2002},
  url       = {https://doi.org/10.1613/jair.989},
  doi       = {10.1613/jair.989},
  timestamp = {Mon, 21 Jan 2019 15:01:18 +0100},
  biburl    = {https://dblp.org/rec/journals/jair/DarwicheM02.bib},
  bibsource = {dblp computer science bibliography, https://dblp.org}
}
@inproceedings{DBLP:conf/iccad/ZhangMMM01,
  author    = {Lintao Zhang and
               Conor F. Madigan and
               Matthew W. Moskewicz and
               Sharad Malik},
  editor    = {Rolf Ernst},
  title     = {Efficient Conflict Driven Learning in Boolean Satisfiability Solver},
  booktitle = {Proceedings of the 2001 {IEEE/ACM} International Conference on Computer-Aided
               Design, {ICCAD} 2001, San Jose, CA, USA, November 4-8, 2001},
  pages     = {279--285},
  publisher = {{IEEE} Computer Society},
  year      = {2001},
  url       = {https://doi.org/10.1109/ICCAD.2001.968634},
  doi       = {10.1109/ICCAD.2001.968634},
  timestamp = {Wed, 16 Oct 2019 14:14:49 +0200},
  biburl    = {https://dblp.org/rec/conf/iccad/ZhangMMM01.bib},
  bibsource = {dblp computer science bibliography, https://dblp.org}
}
@inproceedings{DBLP:conf/dac/MoskewiczMZZM01,
  author    = {Matthew W. Moskewicz and
               Conor F. Madigan and
               Ying Zhao and
               Lintao Zhang and
               Sharad Malik},
  title     = {Chaff: Engineering an Efficient {SAT} Solver},
  booktitle = {Proceedings of the 38th Design Automation Conference, {DAC} 2001,
               Las Vegas, NV, USA, June 18-22, 2001},
  pages     = {530--535},
  publisher = {{ACM}},
  year      = {2001},
  url       = {https://doi.org/10.1145/378239.379017},
  doi       = {10.1145/378239.379017},
  timestamp = {Wed, 14 Nov 2018 10:58:37 +0100},
  biburl    = {https://dblp.org/rec/conf/dac/MoskewiczMZZM01.bib},
  bibsource = {dblp computer science bibliography, https://dblp.org}
}
@inproceedings{DBLP:journals/corr/abs-2009-10877,
  author    = {Mara Downing and
               Abtin Molavi and
               Lucas Bang},
  editor    = {Jean{-}Fran{\c{c}}ois Raskin and
               Davide Bresolin},
  title     = {Symbolic Execution + Model Counting + Entropy Maximization = Automatic
               Search Synthesis},
  booktitle = {Proceedings 11th International Symposium on Games, Automata, Logics,
               and Formal Verification, GandALF 2020, Brussels, Belgium, September
               21-22, 2020},
  series    = {{EPTCS}},
  volume    = {326},
  pages     = {50--65},
  year      = {2020},
  url       = {https://doi.org/10.4204/EPTCS.326.4},
  doi       = {10.4204/EPTCS.326.4},
  timestamp = {Thu, 10 Dec 2020 15:19:59 +0100},
  biburl    = {https://dblp.org/rec/journals/corr/abs-2009-10877.bib},
  bibsource = {dblp computer science bibliography, https://dblp.org}
}
@inproceedings{DBLP:conf/sigsoft/YangWMK20,
  author    = {Jiayi Yang and
               Wenxi Wang and
               Darko Marinov and
               Sarfraz Khurshid},
  editor    = {Prem Devanbu and
               Myra B. Cohen and
               Thomas Zimmermann},
  title     = {AlloyMC: Alloy meets model counting},
  booktitle = {{ESEC/FSE} '20: 28th {ACM} Joint European Software Engineering Conference
               and Symposium on the Foundations of Software Engineering, Virtual
               Event, USA, November 8-13, 2020},
  pages     = {1541--1545},
  publisher = {{ACM}},
  year      = {2020},
  url       = {https://doi.org/10.1145/3368089.3417938},
  doi       = {10.1145/3368089.3417938},
  timestamp = {Tue, 10 Nov 2020 10:58:23 +0100},
  biburl    = {https://dblp.org/rec/conf/sigsoft/YangWMK20.bib},
  bibsource = {dblp computer science bibliography, https://dblp.org}
}
@inproceedings{DBLP:conf/fase/DimovskiL20,
  author    = {Aleksandar S. Dimovski and
               Axel Legay},
  editor    = {Heike Wehrheim and
               Jordi Cabot},
  title     = {Computing Program Reliability Using Forward-Backward Precondition
               Analysis and Model Counting},
  booktitle = {Fundamental Approaches to Software Engineering - 23rd International
               Conference, {FASE} 2020, Held as Part of the European Joint Conferences
               on Theory and Practice of Software, {ETAPS} 2020, Dublin, Ireland,
               April 25-30, 2020, Proceedings},
  series    = {Lecture Notes in Computer Science},
  volume    = {12076},
  pages     = {182--202},
  publisher = {Springer},
  year      = {2020},
  url       = {https://doi.org/10.1007/978-3-030-45234-6\_9},
  doi       = {10.1007/978-3-030-45234-6\_9},
  timestamp = {Mon, 04 May 2020 13:23:18 +0200},
  biburl    = {https://dblp.org/rec/conf/fase/DimovskiL20.bib},
  bibsource = {dblp computer science bibliography, https://dblp.org}
}
@inproceedings{DBLP:conf/ecai/Riguzzi20,
  author    = {Fabrizio Riguzzi},
  editor    = {Giuseppe De Giacomo and
               Alejandro Catal{\'{a}} and
               Bistra Dilkina and
               Michela Milano and
               Sen{\'{e}}n Barro and
               Alberto Bugar{\'{\i}}n and
               J{\'{e}}r{\^{o}}me Lang},
  title     = {Quantum Weighted Model Counting},
  booktitle = {{ECAI} 2020 - 24th European Conference on Artificial Intelligence,
               29 August-8 September 2020, Santiago de Compostela, Spain, August
               29 - September 8, 2020 - Including 10th Conference on Prestigious
               Applications of Artificial Intelligence {(PAIS} 2020)},
  series    = {Frontiers in Artificial Intelligence and Applications},
  volume    = {325},
  pages     = {2640--2647},
  publisher = {{IOS} Press},
  year      = {2020},
  url       = {https://doi.org/10.3233/FAIA200401},
  doi       = {10.3233/FAIA200401},
  timestamp = {Fri, 09 Apr 2021 18:50:05 +0200},
  biburl    = {https://dblp.org/rec/conf/ecai/Riguzzi20.bib},
  bibsource = {dblp computer science bibliography, https://dblp.org}
}
@inproceedings{DBLP:conf/sat/AzizCMS15,
  author    = {Rehan Abdul Aziz and
               Geoffrey Chu and
               Christian J. Muise and
               Peter J. Stuckey},
  editor    = {Marijn Heule and
               Sean A. Weaver},
  title     = {{\#}{\(\exists\)}SAT: Projected Model Counting},
  booktitle = {Theory and Applications of Satisfiability Testing - {SAT} 2015 - 18th
               International Conference, Austin, TX, USA, September 24-27, 2015,
               Proceedings},
  series    = {Lecture Notes in Computer Science},
  volume    = {9340},
  pages     = {121--137},
  publisher = {Springer},
  year      = {2015},
  url       = {https://doi.org/10.1007/978-3-319-24318-4\_10},
  doi       = {10.1007/978-3-319-24318-4\_10},
  timestamp = {Tue, 21 May 2019 09:04:41 +0200},
  biburl    = {https://dblp.org/rec/conf/sat/AzizCMS15.bib},
  bibsource = {dblp computer science bibliography, https://dblp.org}
}
@inproceedings{DBLP:conf/ijcai/SharmaRSM19,
  author    = {Shubham Sharma and
               Subhajit Roy and
               Mate Soos and
               Kuldeep S. Meel},
  editor    = {Sarit Kraus},
  title     = {{GANAK:} {A} Scalable Probabilistic Exact Model Counter},
  booktitle = {Proceedings of the Twenty-Eighth International Joint Conference on
               Artificial Intelligence, {IJCAI} 2019, Macao, China, August 10-16,
               2019},
  pages     = {1169--1176},
  publisher = {ijcai.org},
  year      = {2019},
  url       = {https://doi.org/10.24963/ijcai.2019/163},
  doi       = {10.24963/ijcai.2019/163},
  timestamp = {Fri, 19 Feb 2021 11:42:51 +0100},
  biburl    = {https://dblp.org/rec/conf/ijcai/SharmaRSM19.bib},
  bibsource = {dblp computer science bibliography, https://dblp.org}
}
@inproceedings{DBLP:conf/sat/NarodytskaSMIM19,
  author    = {Nina Narodytska and
               Aditya A. Shrotri and
               Kuldeep S. Meel and
               Alexey Ignatiev and
               Jo{\~{a}}o Marques{-}Silva},
  editor    = {Mikol{\'{a}}s Janota and
               In{\^{e}}s Lynce},
  title     = {Assessing Heuristic Machine Learning Explanations with Model Counting},
  booktitle = {Theory and Applications of Satisfiability Testing - {SAT} 2019 - 22nd
               International Conference, {SAT} 2019, Lisbon, Portugal, July 9-12,
               2019, Proceedings},
  series    = {Lecture Notes in Computer Science},
  volume    = {11628},
  pages     = {267--278},
  publisher = {Springer},
  year      = {2019},
  url       = {https://doi.org/10.1007/978-3-030-24258-9\_19},
  doi       = {10.1007/978-3-030-24258-9\_19},
  timestamp = {Mon, 24 Feb 2020 19:23:28 +0100},
  biburl    = {https://dblp.org/rec/conf/sat/NarodytskaSMIM19.bib},
  bibsource = {dblp computer science bibliography, https://dblp.org}
}
@inproceedings{DBLP:conf/icse/DegiovanniCARAF18,
  author    = {Renzo Degiovanni and
               Pablo F. Castro and
               Marcelo Arroyo and
               Marcelo Ruiz and
               Nazareno Aguirre and
               Marcelo F. Frias},
  editor    = {Michel Chaudron and
               Ivica Crnkovic and
               Marsha Chechik and
               Mark Harman},
  title     = {Goal-conflict likelihood assessment based on model counting},
  booktitle = {Proceedings of the 40th International Conference on Software Engineering,
               {ICSE} 2018, Gothenburg, Sweden, May 27 - June 03, 2018},
  pages     = {1125--1135},
  publisher = {{ACM}},
  year      = {2018},
  url       = {https://doi.org/10.1145/3180155.3180261},
  doi       = {10.1145/3180155.3180261},
  timestamp = {Wed, 16 Oct 2019 14:14:49 +0200},
  biburl    = {https://dblp.org/rec/conf/icse/DegiovanniCARAF18.bib},
  bibsource = {dblp computer science bibliography, https://dblp.org}
}
@inproceedings{DBLP:conf/sp/ZhouQRZ18,
  author    = {Ziqiao Zhou and
               Zhiyun Qian and
               Michael K. Reiter and
               Yinqian Zhang},
  title     = {Static Evaluation of Noninterference Using Approximate Model Counting},
  booktitle = {2018 {IEEE} Symposium on Security and Privacy, {SP} 2018, Proceedings,
               21-23 May 2018, San Francisco, California, {USA}},
  pages     = {514--528},
  publisher = {{IEEE} Computer Society},
  year      = {2018},
  url       = {https://doi.org/10.1109/SP.2018.00052},
  doi       = {10.1109/SP.2018.00052},
  timestamp = {Fri, 27 Dec 2019 21:24:52 +0100},
  biburl    = {https://dblp.org/rec/conf/sp/ZhouQRZ18.bib},
  bibsource = {dblp computer science bibliography, https://dblp.org}
}
@inproceedings{DBLP:conf/esa/FichteHWZ18,
  author    = {Johannes Klaus Fichte and
               Markus Hecher and
               Stefan Woltran and
               Markus Zisser},
  editor    = {Yossi Azar and
               Hannah Bast and
               Grzegorz Herman},
  title     = {Weighted Model Counting on the {GPU} by Exploiting Small Treewidth},
  booktitle = {26th Annual European Symposium on Algorithms, {ESA} 2018, August 20-22,
               2018, Helsinki, Finland},
  series    = {LIPIcs},
  volume    = {112},
  pages     = {28:1--28:16},
  publisher = {Schloss Dagstuhl - Leibniz-Zentrum f{\"{u}}r Informatik},
  year      = {2018},
  url       = {https://doi.org/10.4230/LIPIcs.ESA.2018.28},
  doi       = {10.4230/LIPIcs.ESA.2018.28},
  timestamp = {Tue, 11 Feb 2020 15:52:14 +0100},
  biburl    = {https://dblp.org/rec/conf/esa/FichteHWZ18.bib},
  bibsource = {dblp computer science bibliography, https://dblp.org}
}
@inproceedings{DBLP:conf/ijcai/CropperDM20,
  author    = {Andrew Cropper and
               Sebastijan Dumancic and
               Stephen H. Muggleton},
  editor    = {Christian Bessiere},
  title     = {Turning 30: New Ideas in Inductive Logic Programming},
  booktitle = {Proceedings of the Twenty-Ninth International Joint Conference on
               Artificial Intelligence, {IJCAI} 2020},
  pages     = {4833--4839},
  publisher = {ijcai.org},
  year      = {2020},
  url       = {https://doi.org/10.24963/ijcai.2020/673},
  doi       = {10.24963/ijcai.2020/673},
  timestamp = {Mon, 20 Jul 2020 12:38:52 +0200},
  biburl    = {https://dblp.org/rec/conf/ijcai/CropperDM20.bib},
  bibsource = {dblp computer science bibliography, https://dblp.org}
}