@book{DBLP:series/synthesis/2016Raedt,
  author    = {Luc De Raedt and
               Kristian Kersting and
               Sriraam Natarajan and
               David Poole},
  title     = {Statistical Relational Artificial Intelligence: Logic, Probability,
               and Computation},
  series    = {Synthesis Lectures on Artificial Intelligence and Machine Learning},
  publisher = {Morgan {\&} Claypool Publishers},
  year      = {2016},
  url       = {https://doi.org/10.2200/S00692ED1V01Y201601AIM032},
  doi       = {10.2200/S00692ED1V01Y201601AIM032},
  timestamp = {Mon, 26 Oct 2020 08:19:26 +0100},
  biburl    = {https://dblp.org/rec/series/synthesis/2016Raedt.bib},
  bibsource = {dblp computer science bibliography, https://dblp.org}
}
@inproceedings{DBLP:conf/iaai/NatarajanKIJC13,
  author    = {Sriraam Natarajan and
               Kristian Kersting and
               Edward Ip and
               David R. Jacobs and
               Jeffrey Carr},
  editor    = {Hector Mu{\~{n}}oz{-}Avila and
               David J. Stracuzzi},
  title     = {Early Prediction of Coronary Artery Calcification Levels Using Machine
               Learning},
  booktitle = {Proceedings of the Twenty-Fifth Innovative Applications of Artificial
               Intelligence Conference, {IAAI} 2013, July 14-18, 2013, Bellevue,
               Washington, {USA}},
  publisher = {{AAAI}},
  year      = {2013},
  url       = {http://www.aaai.org/ocs/index.php/IAAI/IAAI13/paper/view/6330},
  timestamp = {Mon, 15 Jun 2015 19:00:08 +0200},
  biburl    = {https://dblp.org/rec/conf/iaai/NatarajanKIJC13.bib},
  bibsource = {dblp computer science bibliography, https://dblp.org}
}
@article{DBLP:journals/ijswis/NiuZRS12,
  author    = {Feng Niu and
               Ce Zhang and
               Christopher R{\'{e}} and
               Jude W. Shavlik},
  title     = {Elementary: Large-Scale Knowledge-Base Construction via Machine Learning
               and Statistical Inference},
  journal   = {Int. J. Semantic Web Inf. Syst.},
  volume    = {8},
  number    = {3},
  pages     = {42--73},
  year      = {2012},
  url       = {https://doi.org/10.4018/jswis.2012070103},
  doi       = {10.4018/jswis.2012070103},
  timestamp = {Tue, 12 Jan 2021 16:18:01 +0100},
  biburl    = {https://dblp.org/rec/journals/ijswis/NiuZRS12.bib},
  bibsource = {dblp computer science bibliography, https://dblp.org}
}
@inproceedings{DBLP:conf/emnlp/VenugopalCGN14,
  author    = {Deepak Venugopal and
               Chen Chen and
               Vibhav Gogate and
               Vincent Ng},
  editor    = {Alessandro Moschitti and
               Bo Pang and
               Walter Daelemans},
  title     = {Relieving the Computational Bottleneck: Joint Inference for Event
               Extraction with High-Dimensional Features},
  booktitle = {Proceedings of the 2014 Conference on Empirical Methods in Natural
               Language Processing, {EMNLP} 2014, October 25-29, 2014, Doha, Qatar,
               {A} meeting of SIGDAT, a Special Interest Group of the {ACL}},
  pages     = {831--843},
  publisher = {{ACL}},
  year      = {2014},
  url       = {https://doi.org/10.3115/v1/d14-1090},
  doi       = {10.3115/v1/d14-1090},
  timestamp = {Tue, 28 Jan 2020 10:28:20 +0100},
  biburl    = {https://dblp.org/rec/conf/emnlp/VenugopalCGN14.bib},
  bibsource = {dblp computer science bibliography, https://dblp.org}
}
@inproceedings{DBLP:conf/icml/JerniteRS15,
  author    = {Yacine Jernite and
               Alexander M. Rush and
               David A. Sontag},
  editor    = {Francis R. Bach and
               David M. Blei},
  title     = {A Fast Variational Approach for Learning Markov Random Field Language
               Models},
  booktitle = {Proceedings of the 32nd International Conference on Machine Learning,
               {ICML} 2015, Lille, France, 6-11 July 2015},
  series    = {{JMLR} Workshop and Conference Proceedings},
  volume    = {37},
  pages     = {2209--2217},
  publisher = {JMLR.org},
  year      = {2015},
  url       = {http://proceedings.mlr.press/v37/jernite15.html},
  timestamp = {Fri, 15 Nov 2019 17:16:09 +0100},
  biburl    = {https://dblp.org/rec/conf/icml/JerniteRS15.bib},
  bibsource = {dblp computer science bibliography, https://dblp.org}
}
@article{DBLP:journals/jair/BoutilierDH99,
  author    = {Craig Boutilier and
               Thomas L. Dean and
               Steve Hanks},
  title     = {Decision-Theoretic Planning: Structural Assumptions and Computational
               Leverage},
  journal   = {J. Artif. Intell. Res.},
  volume    = {11},
  pages     = {1--94},
  year      = {1999},
  url       = {https://doi.org/10.1613/jair.575},
  doi       = {10.1613/jair.575},
  timestamp = {Mon, 21 Jan 2019 15:01:17 +0100},
  biburl    = {https://dblp.org/rec/journals/jair/BoutilierDH99.bib},
  bibsource = {dblp computer science bibliography, https://dblp.org}
}
@article{DBLP:journals/ras/BeetzJMT10,
  author    = {Michael Beetz and
               Dominik Jain and
               Lorenz M{\"{o}}senlechner and
               Moritz Tenorth},
  title     = {Towards performing everyday manipulation activities},
  journal   = {Robotics Auton. Syst.},
  volume    = {58},
  number    = {9},
  pages     = {1085--1095},
  year      = {2010},
  url       = {https://doi.org/10.1016/j.robot.2010.05.007},
  doi       = {10.1016/j.robot.2010.05.007},
  timestamp = {Mon, 24 Feb 2020 15:57:32 +0100},
  biburl    = {https://dblp.org/rec/journals/ras/BeetzJMT10.bib},
  bibsource = {dblp computer science bibliography, https://dblp.org}
}
@article{sanner2010relational,
  title={Relational dynamic influence diagram language {(RDDL)}: Language description},
  author={Sanner, Scott},
  journal={Unpublished ms. Australian National University},
  volume={32},
  pages={27},
  year={2010},
  publisher={Citeseer}
}
@inproceedings{DBLP:conf/ijcai/RaedtKT07,
  author    = {Luc De Raedt and
               Angelika Kimmig and
               Hannu Toivonen},
  editor    = {Manuela M. Veloso},
  title     = {ProbLog: {A} Probabilistic Prolog and Its Application in Link Discovery},
  booktitle = {{IJCAI} 2007, Proceedings of the 20th International Joint Conference
               on Artificial Intelligence, Hyderabad, India, January 6-12, 2007},
  pages     = {2462--2467},
  year      = {2007},
  url       = {http://ijcai.org/Proceedings/07/Papers/396.pdf},
  timestamp = {Tue, 20 Aug 2019 16:18:51 +0200},
  biburl    = {https://dblp.org/rec/conf/ijcai/RaedtKT07.bib},
  bibsource = {dblp computer science bibliography, https://dblp.org}
}
@inproceedings{pearl1985bayesian,
  title={Bayesian networks: A model of self-activated memory for evidential reasoning},
  author={Pearl, Judea},
  booktitle={Proceedings of the 7th Conference of the Cognitive Science Society, University of California, Irvine, CA, USA},
  pages={15--17},
  year={1985}
}
@inproceedings{DBLP:conf/uai/Jaeger97,
  author    = {Manfred Jaeger},
  editor    = {Dan Geiger and
               Prakash P. Shenoy},
  title     = {Relational Bayesian Networks},
  booktitle = {{UAI} '97: Proceedings of the Thirteenth Conference on Uncertainty
               in Artificial Intelligence, Brown University, Providence, Rhode Island,
               USA, August 1-3, 1997},
  pages     = {266--273},
  publisher = {Morgan Kaufmann},
  year      = {1997},
  url       = {https://dslpitt.org/uai/displayArticleDetails.jsp?mmnu=1\&smnu=2\&article\_id=320\&proceeding\_id=13},
  timestamp = {Wed, 03 Feb 2021 11:09:16 +0100},
  biburl    = {https://dblp.org/rec/conf/uai/Jaeger97.bib},
  bibsource = {dblp computer science bibliography, https://dblp.org}
}
@book{kindermann1980markov,
  title={Markov Random Fields and Their Applications},
  author={Kindermann, R. and Snell, J. L.},
  isbn={9780821850015},
  lccn={lc80022764},
  series={Contemporary mathematics - American Mathematical Society},
  url={https://books.google.co.uk/books?id=NeVQAAAAMAAJ},
  year={1980},
  publisher={American Mathematical Society}
}
@article{DBLP:journals/ml/RichardsonD06,
  author    = {Matthew Richardson and
               Pedro M. Domingos},
  title     = {Markov logic networks},
  journal   = {Mach. Learn.},
  volume    = {62},
  number    = {1-2},
  pages     = {107--136},
  year      = {2006},
  url       = {https://doi.org/10.1007/s10994-006-5833-1},
  doi       = {10.1007/s10994-006-5833-1},
  timestamp = {Mon, 02 Mar 2020 16:29:54 +0100},
  biburl    = {https://dblp.org/rec/journals/ml/RichardsonD06.bib},
  bibsource = {dblp computer science bibliography, https://dblp.org}
}
@article{DBLP:journals/ai/ChaviraD08,
  author    = {Mark Chavira and
               Adnan Darwiche},
  title     = {On probabilistic inference by weighted model counting},
  journal   = {Artif. Intell.},
  volume    = {172},
  number    = {6-7},
  pages     = {772--799},
  year      = {2008},
  url       = {https://doi.org/10.1016/j.artint.2007.11.002},
  doi       = {10.1016/j.artint.2007.11.002},
  timestamp = {Sat, 27 May 2017 14:24:42 +0200},
  biburl    = {https://dblp.org/rec/journals/ai/ChaviraD08.bib},
  bibsource = {dblp computer science bibliography, https://dblp.org}
}
@inproceedings{DBLP:conf/ijcai/BellePB15,
  author    = {Vaishak Belle and
               Andrea Passerini and
               Guy Van den Broeck},
  editor    = {Qiang Yang and
               Michael J. Wooldridge},
  title     = {Probabilistic Inference in Hybrid Domains by Weighted Model Integration},
  booktitle = {Proceedings of the Twenty-Fourth International Joint Conference on
               Artificial Intelligence, {IJCAI} 2015, Buenos Aires, Argentina, July
               25-31, 2015},
  pages     = {2770--2776},
  publisher = {{AAAI} Press},
  year      = {2015},
  url       = {http://ijcai.org/Abstract/15/392},
  timestamp = {Tue, 20 Aug 2019 16:17:58 +0200},
  biburl    = {https://dblp.org/rec/conf/ijcai/BellePB15.bib},
  bibsource = {dblp computer science bibliography, https://dblp.org}
}
@inproceedings{DBLP:conf/ijcai/BroeckTMDR11,
  author    = {Guy Van den Broeck and
               Nima Taghipour and
               Wannes Meert and
               Jesse Davis and
               Luc De Raedt},
  editor    = {Toby Walsh},
  title     = {Lifted Probabilistic Inference by First-Order Knowledge Compilation},
  booktitle = {{IJCAI} 2011, Proceedings of the 22nd International Joint Conference
               on Artificial Intelligence, Barcelona, Catalonia, Spain, July 16-22,
               2011},
  pages     = {2178--2185},
  publisher = {{IJCAI/AAAI}},
  year      = {2011},
  url       = {https://doi.org/10.5591/978-1-57735-516-8/IJCAI11-363},
  doi       = {10.5591/978-1-57735-516-8/IJCAI11-363},
  timestamp = {Sun, 25 Oct 2020 23:13:55 +0100},
  biburl    = {https://dblp.org/rec/conf/ijcai/BroeckTMDR11.bib},
  bibsource = {dblp computer science bibliography, https://dblp.org}
}
@article{DBLP:journals/cacm/GogateD16,
  author    = {Vibhav Gogate and
               Pedro M. Domingos},
  title     = {Probabilistic theorem proving},
  journal   = {Commun. {ACM}},
  volume    = {59},
  number    = {7},
  pages     = {107--115},
  year      = {2016},
  url       = {https://doi.org/10.1145/2936726},
  doi       = {10.1145/2936726},
  timestamp = {Tue, 06 Nov 2018 12:51:41 +0100},
  biburl    = {https://dblp.org/rec/journals/cacm/GogateD16.bib},
  bibsource = {dblp computer science bibliography, https://dblp.org}
}
@article{DBLP:journals/ngc/Muggleton91,
  author    = {Stephen Muggleton},
  title     = {Inductive Logic Programming},
  journal   = {New Gener. Comput.},
  volume    = {8},
  number    = {4},
  pages     = {295--318},
  year      = {1991},
  url       = {https://doi.org/10.1007/BF03037089},
  doi       = {10.1007/BF03037089},
  timestamp = {Thu, 14 May 2020 22:23:49 +0200},
  biburl    = {https://dblp.org/rec/journals/ngc/Muggleton91.bib},
  bibsource = {dblp computer science bibliography, https://dblp.org}
}
@book{DBLP:conf/ilp/2008p,
  editor    = {Luc De Raedt and
               Paolo Frasconi and
               Kristian Kersting and
               Stephen Muggleton},
  title     = {Probabilistic Inductive Logic Programming - Theory and Applications},
  series    = {Lecture Notes in Computer Science},
  volume    = {4911},
  publisher = {Springer},
  year      = {2008},
  url       = {https://doi.org/10.1007/978-3-540-78652-8},
  doi       = {10.1007/978-3-540-78652-8},
  isbn      = {978-3-540-78651-1},
  timestamp = {Sun, 25 Oct 2020 23:05:35 +0100},
  biburl    = {https://dblp.org/rec/conf/ilp/2008p.bib},
  bibsource = {dblp computer science bibliography, https://dblp.org}
}