@inproceedings{DBLP:conf/ijcai/DumancicGMB19,
  author    = {Sebastijan Dumancic and
               Tias Guns and
               Wannes Meert and
               Hendrik Blockeel},
  title     = {Learning Relational Representations with Auto-encoding Logic Programs},
  booktitle = {Proceedings of the Twenty-Eighth International Joint Conference on
               Artificial Intelligence, {IJCAI} 2019, Macao, China, August 10-16,
               2019},
  pages     = {6081--6087},
  year      = {2019},
  crossref  = {DBLP:conf/ijcai/2019},
  url       = {https://doi.org/10.24963/ijcai.2019/842},
  doi       = {10.24963/ijcai.2019/842},
  timestamp = {Tue, 20 Aug 2019 16:18:33 +0200},
  biburl    = {https://dblp.org/rec/conf/ijcai/DumancicGMB19.bib},
  bibsource = {dblp computer science bibliography, https://dblp.org}
}
@proceedings{DBLP:conf/ijcai/2019,
  editor    = {Sarit Kraus},
  title     = {Proceedings of the Twenty-Eighth International Joint Conference on
               Artificial Intelligence, {IJCAI} 2019, Macao, China, August 10-16,
               2019},
  publisher = {ijcai.org},
  year      = {2019},
  url       = {https://doi.org/10.24963/ijcai.2019},
  doi       = {10.24963/ijcai.2019},
  timestamp = {Tue, 20 Aug 2019 16:18:18 +0200},
  biburl    = {https://dblp.org/rec/conf/ijcai/2019.bib},
  bibsource = {dblp computer science bibliography, https://dblp.org}
}
@article{DBLP:journals/ai/ChaviraD08,
  author    = {Mark Chavira and
               Adnan Darwiche},
  title     = {On probabilistic inference by weighted model counting},
  journal   = {Artif. Intell.},
  volume    = {172},
  number    = {6-7},
  pages     = {772--799},
  year      = {2008},
  url       = {https://doi.org/10.1016/j.artint.2007.11.002},
  doi       = {10.1016/j.artint.2007.11.002},
  timestamp = {Sat, 27 May 2017 14:24:42 +0200},
  biburl    = {https://dblp.org/rec/journals/ai/ChaviraD08.bib},
  bibsource = {dblp computer science bibliography, https://dblp.org}
}
@article{DBLP:journals/corr/abs-1810-02434,
  author    = {Vaishak Belle},
  title     = {Abstracting Probabilistic Models: A Logical Perspective},
  journal   = {CoRR},
  volume    = {abs/1810.02434},
  year      = {2018},
  archivePrefix = {arXiv},
  eprint    = {1810.02434},
  timestamp = {Tue, 30 Oct 2018 10:49:09 +0100},
  biburl    = {https://dblp.org/rec/journals/corr/abs-1810-02434.bib},
  bibsource = {dblp computer science bibliography, https://dblp.org}
}
@inproceedings{DBLP:conf/kr/Darwiche02,
  author    = {Adnan Darwiche},
  title     = {A Logical Approach to Factoring Belief Networks},
  booktitle = {Proceedings of the Eights International Conference on Principles and
               Knowledge Representation and Reasoning (KR-02), Toulouse, France,
               April 22-25, 2002},
  pages     = {409--420},
  year      = {2002},
  crossref  = {DBLP:conf/kr/2002},
  timestamp = {Tue, 22 Jul 2003 15:20:23 +0200},
  biburl    = {https://dblp.org/rec/conf/kr/Darwiche02.bib},
  bibsource = {dblp computer science bibliography, https://dblp.org}
}
@proceedings{DBLP:conf/kr/2002,
  editor    = {Dieter Fensel and
               Fausto Giunchiglia and
               Deborah L. McGuinness and
               Mary{-}Anne Williams},
  title     = {Proceedings of the Eights International Conference on Principles and
               Knowledge Representation and Reasoning (KR-02), Toulouse, France,
               April 22-25, 2002},
  publisher = {Morgan Kaufmann},
  year      = {2002},
  isbn      = {1-55860-554-1},
  timestamp = {Tue, 22 Jul 2003 15:20:23 +0200},
  biburl    = {https://dblp.org/rec/conf/kr/2002.bib},
  bibsource = {dblp computer science bibliography, https://dblp.org}
}
@inproceedings{DBLP:conf/aaai/SangBK05,
  author    = {Tian Sang and
               Paul Beame and
               Henry A. Kautz},
  title     = {Performing {Bayesian} Inference by Weighted Model Counting},
  booktitle = {Proceedings, The Twentieth National Conference on Artificial Intelligence
               and the Seventeenth Innovative Applications of Artificial Intelligence
               Conference, July 9-13, 2005, Pittsburgh, Pennsylvania, {USA}},
  pages     = {475--482},
  year      = {2005},
  crossref  = {DBLP:conf/aaai/2005},
  url       = {http://www.aaai.org/Library/AAAI/2005/aaai05-075.php},
  timestamp = {Mon, 10 Dec 2012 15:34:42 +0100},
  biburl    = {https://dblp.org/rec/conf/aaai/SangBK05.bib},
  bibsource = {dblp computer science bibliography, https://dblp.org}
}
@proceedings{DBLP:conf/aaai/2005,
  editor    = {Manuela M. Veloso and
               Subbarao Kambhampati},
  title     = {Proceedings, The Twentieth National Conference on Artificial Intelligence
               and the Seventeenth Innovative Applications of Artificial Intelligence
               Conference, July 9-13, 2005, Pittsburgh, Pennsylvania, {USA}},
  publisher = {{AAAI} Press / The {MIT} Press},
  year      = {2005},
  isbn      = {1-57735-236-X},
  timestamp = {Mon, 26 Feb 2007 09:10:53 +0100},
  biburl    = {https://dblp.org/rec/conf/aaai/2005.bib},
  bibsource = {dblp computer science bibliography, https://dblp.org}
}
@article{DBLP:journals/ai/ChaviraD08,
  author    = {Mark Chavira and
               Adnan Darwiche},
  title     = {On probabilistic inference by weighted model counting},
  journal   = {Artif. Intell.},
  volume    = {172},
  number    = {6-7},
  pages     = {772--799},
  year      = {2008},
  url       = {https://doi.org/10.1016/j.artint.2007.11.002},
  doi       = {10.1016/j.artint.2007.11.002},
  timestamp = {Sat, 27 May 2017 14:24:42 +0200},
  biburl    = {https://dblp.org/rec/journals/ai/ChaviraD08.bib},
  bibsource = {dblp computer science bibliography, https://dblp.org}
}
@book{halmos2016algebraic,
  title={Algebraic logic},
  author={Halmos, Paul R.},
  year={2016},
  publisher={Courier Dover Publications}
}
@article{DBLP:journals/ai/GiunchigliaW92,
  author    = {Fausto Giunchiglia and
               Toby Walsh},
  title     = {A Theory of Abstraction},
  journal   = {Artif. Intell.},
  volume    = {57},
  number    = {2-3},
  pages     = {323--389},
  year      = {1992},
  url       = {https://doi.org/10.1016/0004-3702(92)90021-O},
  doi       = {10.1016/0004-3702(92)90021-O},
  timestamp = {Wed, 25 Sep 2019 18:00:45 +0200},
  biburl    = {https://dblp.org/rec/journals/ai/GiunchigliaW92.bib},
  bibsource = {dblp computer science bibliography, https://dblp.org}
}
@inproceedings{DBLP:conf/ijcai/RaedtKT07,
  author    = {Luc {De Raedt} and
               Angelika Kimmig and
               Hannu Toivonen},
  title     = {{ProbLog}: {A} Probabilistic {Prolog} and Its Application in Link Discovery},
  booktitle = {{IJCAI} 2007, Proceedings of the 20th International Joint Conference
               on Artificial Intelligence, Hyderabad, India, January 6-12, 2007},
  pages     = {2462--2467},
  year      = {2007},
  crossref  = {DBLP:conf/ijcai/2007},
  timestamp = {Tue, 20 Aug 2019 16:18:51 +0200},
  biburl    = {https://dblp.org/rec/bib/conf/ijcai/RaedtKT07},
  bibsource = {dblp computer science bibliography, https://dblp.org}
}
@proceedings{DBLP:conf/ijcai/2007,
  editor    = {Manuela M. Veloso},
  title     = {{IJCAI} 2007, Proceedings of the 20th International Joint Conference
               on Artificial Intelligence, Hyderabad, India, January 6-12, 2007},
  year      = {2007},
  timestamp = {Tue, 20 Aug 2019 16:17:11 +0200},
  biburl    = {https://dblp.org/rec/bib/conf/ijcai/2007},
  bibsource = {dblp computer science bibliography, https://dblp.org}
}
@inproceedings{DBLP:conf/ecai/BruynoogheMKGVJR10,
  author    = {Maurice Bruynooghe and
               Theofrastos Mantadelis and
               Angelika Kimmig and
               Bernd Gutmann and
               Joost Vennekens and
               Gerda Janssens and
               Luc {De Raedt}},
  title     = {{ProbLog} Technology for Inference in a Probabilistic First Order Logic},
  booktitle = {{ECAI} 2010 - 19th European Conference on Artificial Intelligence,
               Lisbon, Portugal, August 16-20, 2010, Proceedings},
  pages     = {719--724},
  year      = {2010},
  crossref  = {DBLP:conf/ecai/2010},
  doi       = {10.3233/978-1-60750-606-5-719},
  timestamp = {Fri, 26 Apr 2019 14:26:43 +0200},
  biburl    = {https://dblp.org/rec/bib/conf/ecai/BruynoogheMKGVJR10},
  bibsource = {dblp computer science bibliography, https://dblp.org}
}
@proceedings{DBLP:conf/ecai/2010,
  editor    = {Helder Coelho and
               Rudi Studer and
               Michael J. Wooldridge},
  title     = {{ECAI} 2010 - 19th European Conference on Artificial Intelligence,
               Lisbon, Portugal, August 16-20, 2010, Proceedings},
  series    = {Frontiers in Artificial Intelligence and Applications},
  volume    = {215},
  publisher = {{IOS} Press},
  year      = {2010},
  isbn      = {978-1-60750-605-8},
  timestamp = {Fri, 26 Apr 2019 14:26:43 +0200},
  biburl    = {https://dblp.org/rec/bib/conf/ecai/2010},
  bibsource = {dblp computer science bibliography, https://dblp.org}
}
@article{DBLP:journals/tplp/KimmigDRCR11,
  author    = {Angelika Kimmig and
               Bart Demoen and
               Luc {De Raedt} and
               V{\'{\i}}tor {Santos Costa} and
               Ricardo Rocha},
  title     = {On the implementation of the probabilistic logic programming language
               {ProbLog}},
  journal   = {{TPLP}},
  volume    = {11},
  number    = {2-3},
  pages     = {235--262},
  year      = {2011},
  doi       = {10.1017/S1471068410000566},
  timestamp = {Fri, 09 Jun 2017 11:02:36 +0200},
  biburl    = {https://dblp.org/rec/bib/journals/tplp/KimmigDRCR11},
  bibsource = {dblp computer science bibliography, https://dblp.org}
}
@inproceedings{DBLP:conf/ijcai/VlasselaerBKMR15,
  author    = {Jonas Vlasselaer and
               Guy {Van den Broeck} and
               Angelika Kimmig and
               Wannes Meert and
               Luc {De Raedt}},
  title     = {Anytime Inference in Probabilistic Logic Programs with {Tp}-Compilation},
  booktitle = {Proceedings of the Twenty-Fourth International Joint Conference on
               Artificial Intelligence, {IJCAI} 2015, Buenos Aires, Argentina, July
               25-31, 2015},
  pages     = {1852--1858},
  year      = {2015},
  crossref  = {DBLP:conf/ijcai/2015},
  timestamp = {Tue, 20 Aug 2019 16:16:43 +0200},
  biburl    = {https://dblp.org/rec/bib/conf/ijcai/VlasselaerBKMR15},
  bibsource = {dblp computer science bibliography, https://dblp.org}
}
@proceedings{DBLP:conf/ijcai/2015,
  editor    = {Qiang Yang and
               Michael J. Wooldridge},
  title     = {Proceedings of the Twenty-Fourth International Joint Conference on
               Artificial Intelligence, {IJCAI} 2015, Buenos Aires, Argentina, July
               25-31, 2015},
  publisher = {{AAAI} Press},
  year      = {2015},
  isbn      = {978-1-57735-738-4},
  timestamp = {Tue, 20 Aug 2019 16:16:43 +0200},
  biburl    = {https://dblp.org/rec/bib/conf/ijcai/2015},
  bibsource = {dblp computer science bibliography, https://dblp.org}
}
@article{DBLP:journals/ai/Nilsson86,
  author    = {Nils J. Nilsson},
  title     = {Probabilistic Logic},
  journal   = {Artif. Intell.},
  volume    = {28},
  number    = {1},
  pages     = {71--87},
  year      = {1986},
  url       = {https://doi.org/10.1016/0004-3702(86)90031-7},
  doi       = {10.1016/0004-3702(86)90031-7},
  timestamp = {Sat, 27 May 2017 14:24:41 +0200},
  biburl    = {https://dblp.org/rec/journals/ai/Nilsson86.bib},
  bibsource = {dblp computer science bibliography, https://dblp.org}
}
@article{DBLP:journals/ndjfl/Hailperin84,
  author    = {Theodore Hailperin},
  title     = {Probability logic},
  journal   = {Notre Dame Journal of Formal Logic},
  volume    = {25},
  number    = {3},
  pages     = {198--212},
  year      = {1984},
  url       = {https://doi.org/10.1305/ndjfl/1093870625},
  doi       = {10.1305/ndjfl/1093870625},
  timestamp = {Thu, 18 May 2017 09:51:34 +0200},
  biburl    = {https://dblp.org/rec/journals/ndjfl/Hailperin84.bib},
  bibsource = {dblp computer science bibliography, https://dblp.org}
}
@article{DBLP:journals/eccc/GarrabrantBCST16,
  author    = {Scott Garrabrant and
               Tsvi Benson{-}Tilsen and
               Andrew Critch and
               Nate Soares and
               Jessica Taylor},
  title     = {Logical Induction},
  journal   = {Electronic Colloquium on Computational Complexity {(ECCC)}},
  volume    = {23},
  pages     = {154},
  year      = {2016},
  url       = {http://eccc.hpi-web.de/report/2016/154},
  timestamp = {Tue, 14 Aug 2018 17:08:06 +0200},
  biburl    = {https://dblp.org/rec/journals/eccc/GarrabrantBCST16.bib},
  bibsource = {dblp computer science bibliography, https://dblp.org}
}
@article{DBLP:journals/soco/CastineiraCT02,
  author    = {Elena Casti{\~{n}}eira and
               Susana Cubillo and
               Enric Trillas},
  title     = {On possibility and probability measures in finite {Boolean} algebras},
  journal   = {Soft Comput.},
  volume    = {7},
  number    = {2},
  pages     = {89--96},
  year      = {2002},
  url       = {https://doi.org/10.1007/s00500-002-0176-8},
  doi       = {10.1007/s00500-002-0176-8},
  timestamp = {Sat, 20 May 2017 00:25:39 +0200},
  biburl    = {https://dblp.org/rec/journals/soco/CastineiraCT02.bib},
  bibsource = {dblp computer science bibliography, https://dblp.org}
}
@article{krauss1968representation,
  title={Representation of conditional probability measures on {Boolean} algebras},
  author={Krauss, Peter H.},
  journal={Acta Mathematica Hungarica},
  volume={19},
  number={3-4},
  pages={229--241},
  year={1968},
  publisher={Akad{\'e}miai Kiad{\'o}, co-published with Springer Science+ Business Media BV~…}
}
@inproceedings{DBLP:conf/uai/HoltzenMB17,
  author    = {Steven Holtzen and
               Todd D. Millstein and
               Guy {Van den Broeck}},
  title     = {Probabilistic Program Abstractions},
  booktitle = {Proceedings of the Thirty-Third Conference on Uncertainty in Artificial
               Intelligence, {UAI} 2017, Sydney, Australia, August 11-15, 2017},
  year      = {2017},
  crossref  = {DBLP:conf/uai/2017},
  url       = {http://auai.org/uai2017/proceedings/papers/281.pdf},
  timestamp = {Mon, 13 Nov 2017 19:56:58 +0100},
  biburl    = {https://dblp.org/rec/bib/conf/uai/HoltzenMB17},
  bibsource = {dblp computer science bibliography, https://dblp.org}
}
@proceedings{DBLP:conf/uai/2017,
  editor    = {Gal Elidan and
               Kristian Kersting and
               Alexander T. Ihler},
  title     = {Proceedings of the Thirty-Third Conference on Uncertainty in Artificial
               Intelligence, {UAI} 2017, Sydney, Australia, August 11-15, 2017},
  publisher = {{AUAI} Press},
  year      = {2017},
  url       = {http://www.auai.org/uai2017/media/Booklet.pdf},
  timestamp = {Mon, 13 Nov 2017 19:56:58 +0100},
  biburl    = {https://dblp.org/rec/bib/conf/uai/2017},
  bibsource = {dblp computer science bibliography, https://dblp.org}
}
@inproceedings{DBLP:conf/icml/HoltzenBM18,
  author    = {Steven Holtzen and
               Guy {Van den Broeck} and
               Todd D. Millstein},
  title     = {Sound Abstraction and Decomposition of Probabilistic Programs},
  booktitle = {Proceedings of the 35th International Conference on Machine Learning,
               {ICML} 2018, Stockholmsm{\"{a}}ssan, Stockholm, Sweden, July
               10-15, 2018},
  pages     = {2004--2013},
  year      = {2018},
  crossref  = {DBLP:conf/icml/2018},
  timestamp = {Fri, 13 Jul 2018 14:58:25 +0200},
  biburl    = {https://dblp.org/rec/bib/conf/icml/HoltzenBM18},
  bibsource = {dblp computer science bibliography, https://dblp.org}
}
@proceedings{DBLP:conf/icml/2018,
  editor    = {Jennifer G. Dy and
               Andreas Krause},
  title     = {Proceedings of the 35th International Conference on Machine Learning,
               {ICML} 2018, Stockholmsm{\"{a}}ssan, Stockholm, Sweden, July
               10-15, 2018},
  series    = {{JMLR} Workshop and Conference Proceedings},
  volume    = {80},
  publisher = {JMLR.org},
  year      = {2018},
  timestamp = {Fri, 13 Jul 2018 14:57:00 +0200},
  biburl    = {https://dblp.org/rec/bib/conf/icml/2018},
  bibsource = {dblp computer science bibliography, https://dblp.org}
}
@book{saitta2013abstraction,
  title={Abstraction in artificial intelligence and complex systems},
  author={Saitta, Lorenza and Zucker, Jean-Daniel},
  volume={456},
  year={2013},
  publisher={Springer}
}
@article{DBLP:journals/ai/GiunchigliaW92,
  author    = {Fausto Giunchiglia and
               Toby Walsh},
  title     = {A Theory of Abstraction},
  journal   = {Artif. Intell.},
  volume    = {57},
  number    = {2-3},
  pages     = {323--389},
  year      = {1992},
  url       = {https://doi.org/10.1016/0004-3702(92)90021-O},
  doi       = {10.1016/0004-3702(92)90021-O},
  timestamp = {Sat, 27 May 2017 14:24:41 +0200},
  biburl    = {https://dblp.org/rec/bib/journals/ai/GiunchigliaW92},
  bibsource = {dblp computer science bibliography, https://dblp.org}
}
@inproceedings{DBLP:conf/atal/JiangSL14,
  author    = {Nan Jiang and
               Satinder P. Singh and
               Richard L. Lewis},
  title     = {Improving {UCT} planning via approximate homomorphisms},
  booktitle = {International conference on Autonomous Agents and Multi-Agent Systems,
               {AAMAS} '14, Paris, France, May 5-9, 2014},
  pages     = {1289--1296},
  year      = {2014},
  crossref  = {DBLP:conf/atal/2014},
  url       = {http://dl.acm.org/citation.cfm?id=2617453},
  timestamp = {Fri, 08 Apr 2016 17:04:43 +0200},
  biburl    = {https://dblp.org/rec/conf/atal/JiangSL14.bib},
  bibsource = {dblp computer science bibliography, https://dblp.org}
}
@proceedings{DBLP:conf/atal/2014,
  editor    = {Ana L. C. Bazzan and
               Michael N. Huhns and
               Alessio Lomuscio and
               Paul Scerri},
  title     = {International conference on Autonomous Agents and Multi-Agent Systems,
               {AAMAS} '14, Paris, France, May 5-9, 2014},
  publisher = {{IFAAMAS/ACM}},
  year      = {2014},
  url       = {http://dl.acm.org/citation.cfm?id=2615731},
  isbn      = {978-1-4503-2738-1},
  timestamp = {Thu, 25 Sep 2014 07:46:15 +0200},
  biburl    = {https://dblp.org/rec/conf/atal/2014.bib},
  bibsource = {dblp computer science bibliography, https://dblp.org}
}
@phdthesis{ravindran2004algebraic,
  title={An algebraic approach to abstraction in reinforcement learning},
  author={Ravindran, Balaraman and Barto, Andrew G},
  year={2004},
  school={University of Massachusetts at Amherst}
}
@article{DBLP:journals/jcss/Castellani87,
  author    = {Ilaria Castellani},
  title     = {Bisimulations and Abstraction Homomorphisms},
  journal   = {J. Comput. Syst. Sci.},
  volume    = {34},
  number    = {2/3},
  pages     = {210--235},
  year      = {1987},
  url       = {https://doi.org/10.1016/0022-0000(87)90025-0},
  doi       = {10.1016/0022-0000(87)90025-0},
  timestamp = {Sat, 20 May 2017 00:25:52 +0200},
  biburl    = {https://dblp.org/rec/journals/jcss/Castellani87.bib},
  bibsource = {dblp computer science bibliography, https://dblp.org}
}
@inproceedings{DBLP:conf/ijcai/RavindranB03,
  author    = {Balaraman Ravindran and
               Andrew G. Barto},
  title     = {{SMDP} Homomorphisms: An Algebraic Approach to Abstraction in Semi-{Markov}
               Decision Processes},
  booktitle = {IJCAI-03, Proceedings of the Eighteenth International Joint Conference
               on Artificial Intelligence, Acapulco, Mexico, August 9-15, 2003},
  pages     = {1011--1018},
  year      = {2003},
  crossref  = {DBLP:conf/ijcai/2003},
  url       = {http://ijcai.org/Proceedings/03/Papers/145.pdf},
  timestamp = {Tue, 20 Aug 2019 16:18:41 +0200},
  biburl    = {https://dblp.org/rec/conf/ijcai/RavindranB03.bib},
  bibsource = {dblp computer science bibliography, https://dblp.org}
}
@proceedings{DBLP:conf/ijcai/2003,
  editor    = {Georg Gottlob and
               Toby Walsh},
  title     = {IJCAI-03, Proceedings of the Eighteenth International Joint Conference
               on Artificial Intelligence, Acapulco, Mexico, August 9-15, 2003},
  publisher = {Morgan Kaufmann},
  year      = {2003},
  url       = {http://ijcai.org/proceedings/2003},
  timestamp = {Tue, 20 Aug 2019 16:18:41 +0200},
  biburl    = {https://dblp.org/rec/conf/ijcai/2003.bib},
  bibsource = {dblp computer science bibliography, https://dblp.org}
}
@article{DBLP:journals/topnoc/DeselM10,
  author    = {J{\"{o}}rg Desel and
               Agathe Merceron},
  title     = {Vicinity Respecting Homomorphisms for Abstracting System Requirements},
  journal   = {Trans. Petri Nets Other Model. Concurr.},
  volume    = {4},
  pages     = {1--20},
  year      = {2010},
  crossref  = {DBLP:journals/topnoc/2010-4},
  url       = {https://doi.org/10.1007/978-3-642-18222-8\_1},
  doi       = {10.1007/978-3-642-18222-8\_1},
  timestamp = {Fri, 13 Mar 2020 10:54:05 +0100},
  biburl    = {https://dblp.org/rec/journals/topnoc/DeselM10.bib},
  bibsource = {dblp computer science bibliography, https://dblp.org}
}
@proceedings{DBLP:journals/topnoc/2010-4,
  editor    = {Kurt Jensen and
               Susanna Donatelli and
               Maciej Koutny},
  title     = {Transactions on Petri Nets and Other Models of Concurrency {IV}},
  series    = {Lecture Notes in Computer Science},
  volume    = {6550},
  publisher = {Springer},
  year      = {2010},
  url       = {https://doi.org/10.1007/978-3-642-18222-8},
  doi       = {10.1007/978-3-642-18222-8},
  isbn      = {978-3-642-18221-1},
  timestamp = {Tue, 14 May 2019 10:00:55 +0200},
  biburl    = {https://dblp.org/rec/journals/topnoc/2010-4.bib},
  bibsource = {dblp computer science bibliography, https://dblp.org}
}
@article{DBLP:journals/tcs/LiY08,
  author    = {Sanjiang Li and
               Mingsheng Ying},
  title     = {Soft constraint abstraction based on semiring homomorphism},
  journal   = {Theor. Comput. Sci.},
  volume    = {403},
  number    = {2-3},
  pages     = {192--201},
  year      = {2008},
  url       = {https://doi.org/10.1016/j.tcs.2008.03.029},
  doi       = {10.1016/j.tcs.2008.03.029},
  timestamp = {Sun, 02 Jun 2019 20:55:30 +0200},
  biburl    = {https://dblp.org/rec/journals/tcs/LiY08.bib},
  bibsource = {dblp computer science bibliography, https://dblp.org}
}
@inproceedings{DBLP:conf/aaai/HoltePZM96,
  author    = {Robert C. Holte and
               M. B. Perez and
               Robert M. Zimmer and
               Alan J. MacDonald},
  title     = {Hierarchical {A*}: Searching Abstraction Hierarchies Efficiently},
  booktitle = {Proceedings of the Thirteenth National Conference on Artificial Intelligence
               and Eighth Innovative Applications of Artificial Intelligence Conference,
               {AAAI} 96, {IAAI} 96, Portland, Oregon, USA, August 4-8, 1996, Volume
               1},
  pages     = {530--535},
  year      = {1996},
  crossref  = {DBLP:conf/aaai/1996-1},
  url       = {http://www.aaai.org/Library/AAAI/1996/aaai96-079.php},
  timestamp = {Tue, 19 Jun 2018 18:21:26 +0200},
  biburl    = {https://dblp.org/rec/conf/aaai/HoltePZM96.bib},
  bibsource = {dblp computer science bibliography, https://dblp.org}
}
@proceedings{DBLP:conf/aaai/1996-1,
  editor    = {William J. Clancey and
               Daniel S. Weld},
  title     = {Proceedings of the Thirteenth National Conference on Artificial Intelligence
               and Eighth Innovative Applications of Artificial Intelligence Conference,
               {AAAI} 96, {IAAI} 96, Portland, Oregon, USA, August 4-8, 1996, Volume
               1},
  publisher = {{AAAI} Press / The {MIT} Press},
  year      = {1996},
  url       = {http://www.aaai.org/Conferences/AAAI/aaai96.php},
  isbn      = {0-262-51091-X},
  timestamp = {Tue, 19 Jun 2018 18:21:26 +0200},
  biburl    = {https://dblp.org/rec/conf/aaai/1996-1.bib},
  bibsource = {dblp computer science bibliography, https://dblp.org}
}
@article{ravindran2004approximate,
  title={Approximate homomorphisms: A framework for non-exact minimization in {Markov} decision processes},
  author={Ravindran, Balaraman and Barto, Andrew G},
  year={2004}
}
@article{DBLP:journals/cacm/Russell15,
  author    = {Stuart J. Russell},
  title     = {Unifying logic and probability},
  journal   = {Commun. {ACM}},
  volume    = {58},
  number    = {7},
  pages     = {88--97},
  year      = {2015},
  url       = {https://doi.org/10.1145/2699411},
  doi       = {10.1145/2699411},
  timestamp = {Tue, 06 Nov 2018 12:51:40 +0100},
  biburl    = {https://dblp.org/rec/journals/cacm/Russell15.bib},
  bibsource = {dblp computer science bibliography, https://dblp.org}
}
@incollection{DBLP:series/sci/BrazAR08,
  author    = {Rodrigo de Salvo Braz and
               Eyal Amir and
               Dan Roth},
  title     = {A Survey of First-Order Probabilistic Models},
  booktitle = {Innovations in Bayesian Networks: Theory and Applications},
  pages     = {289--317},
  year      = {2008},
  crossref  = {DBLP:series/sci/2008-156},
  url       = {https://doi.org/10.1007/978-3-540-85066-3\_12},
  doi       = {10.1007/978-3-540-85066-3\_12},
  timestamp = {Tue, 16 May 2017 14:24:31 +0200},
  biburl    = {https://dblp.org/rec/series/sci/BrazAR08.bib},
  bibsource = {dblp computer science bibliography, https://dblp.org}
}
@book{DBLP:series/sci/2008-156,
  editor    = {Dawn E. Holmes and
               Lakhmi C. Jain},
  title     = {Innovations in Bayesian Networks: Theory and Applications},
  series    = {Studies in Computational Intelligence},
  volume    = {156},
  publisher = {Springer},
  year      = {2008},
  isbn      = {978-3-540-85065-6},
  timestamp = {Mon, 24 Nov 2008 18:52:17 +0100},
  biburl    = {https://dblp.org/rec/series/sci/2008-156.bib},
  bibsource = {dblp computer science bibliography, https://dblp.org}
}
@inproceedings{DBLP:conf/ijcai/MilchMRSOK05,
  author    = {Brian Milch and
               Bhaskara Marthi and
               Stuart J. Russell and
               David A. Sontag and
               Daniel L. Ong and
               Andrey Kolobov},
  title     = {{BLOG:} Probabilistic Models with Unknown Objects},
  booktitle = {IJCAI-05, Proceedings of the Nineteenth International Joint Conference
               on Artificial Intelligence, Edinburgh, Scotland, UK, July 30 - August
               5, 2005},
  pages     = {1352--1359},
  year      = {2005},
  crossref  = {DBLP:conf/ijcai/2005},
  url       = {http://ijcai.org/Proceedings/05/Papers/1546.pdf},
  timestamp = {Fri, 15 Nov 2019 17:16:09 +0100},
  biburl    = {https://dblp.org/rec/conf/ijcai/MilchMRSOK05.bib},
  bibsource = {dblp computer science bibliography, https://dblp.org}
}
@proceedings{DBLP:conf/ijcai/2005,
  editor    = {Leslie Pack Kaelbling and
               Alessandro Saffiotti},
  title     = {IJCAI-05, Proceedings of the Nineteenth International Joint Conference
               on Artificial Intelligence, Edinburgh, Scotland, UK, July 30 - August
               5, 2005},
  publisher = {Professional Book Center},
  year      = {2005},
  url       = {http://ijcai.org/proceedings/2005},
  isbn      = {0938075934},
  timestamp = {Tue, 20 Aug 2019 16:16:29 +0200},
  biburl    = {https://dblp.org/rec/conf/ijcai/2005.bib},
  bibsource = {dblp computer science bibliography, https://dblp.org}
}
@article{DBLP:journals/ml/RichardsonD06,
  author    = {Matthew Richardson and
               Pedro M. Domingos},
  title     = {Markov logic networks},
  journal   = {Mach. Learn.},
  volume    = {62},
  number    = {1-2},
  pages     = {107--136},
  year      = {2006},
  url       = {https://doi.org/10.1007/s10994-006-5833-1},
  doi       = {10.1007/s10994-006-5833-1},
  timestamp = {Mon, 02 Mar 2020 16:29:54 +0100},
  biburl    = {https://dblp.org/rec/journals/ml/RichardsonD06.bib},
  bibsource = {dblp computer science bibliography, https://dblp.org}
}
@inproceedings{DBLP:conf/ijcai/SatoK97,
  author    = {Taisuke Sato and
               Yoshitaka Kameya},
  title     = {{PRISM:} {A} Language for Symbolic-Statistical Modeling},
  booktitle = {Proceedings of the Fifteenth International Joint Conference on Artificial
               Intelligence, {IJCAI} 97, Nagoya, Japan, August 23-29, 1997, 2 Volumes},
  pages     = {1330--1339},
  year      = {1997},
  crossref  = {DBLP:conf/ijcai/1997},
  url       = {http://ijcai.org/Proceedings/97-2/Papers/078.pdf},
  timestamp = {Tue, 20 Aug 2019 16:17:27 +0200},
  biburl    = {https://dblp.org/rec/conf/ijcai/SatoK97.bib},
  bibsource = {dblp computer science bibliography, https://dblp.org}
}
@proceedings{DBLP:conf/ijcai/1997,
  title     = {Proceedings of the Fifteenth International Joint Conference on Artificial
               Intelligence, {IJCAI} 97, Nagoya, Japan, August 23-29, 1997, 2 Volumes},
  publisher = {Morgan Kaufmann},
  year      = {1997},
  url       = {http://ijcai.org/proceedings/1997-1},
  timestamp = {Tue, 20 Aug 2019 16:17:27 +0200},
  biburl    = {https://dblp.org/rec/conf/ijcai/1997.bib},
  bibsource = {dblp computer science bibliography, https://dblp.org}
}
@book{DBLP:series/synthesis/2011Suciu,
  author    = {Dan Suciu and
               Dan Olteanu and
               Christopher R{\'{e}} and
               Christoph Koch},
  title     = {Probabilistic Databases},
  series    = {Synthesis Lectures on Data Management},
  publisher = {Morgan {\&} Claypool Publishers},
  year      = {2011},
  url       = {https://doi.org/10.2200/S00362ED1V01Y201105DTM016},
  doi       = {10.2200/S00362ED1V01Y201105DTM016},
  timestamp = {Tue, 16 May 2017 14:24:20 +0200},
  biburl    = {https://dblp.org/rec/series/synthesis/2011Suciu.bib},
  bibsource = {dblp computer science bibliography, https://dblp.org}
}
@article{DBLP:journals/ai/Nilsson86,
  author    = {Nils J. Nilsson},
  title     = {Probabilistic Logic},
  journal   = {Artif. Intell.},
  volume    = {28},
  number    = {1},
  pages     = {71--87},
  year      = {1986},
  url       = {https://doi.org/10.1016/0004-3702(86)90031-7},
  doi       = {10.1016/0004-3702(86)90031-7},
  timestamp = {Sat, 27 May 2017 14:24:41 +0200},
  biburl    = {https://dblp.org/rec/journals/ai/Nilsson86.bib},
  bibsource = {dblp computer science bibliography, https://dblp.org}
}
@techreport{heckerman2004probabilistic,
  title={Probabilistic models for relational data},
  author={Heckerman, David and Meek, Christopher and Koller, Daphne},
  year={2004},
  institution={Technical Report MSR-TR-2004-30, Microsoft Research}
}
@inproceedings{DBLP:conf/icse/GordonHNR14,
  author    = {Andrew D. Gordon and
               Thomas A. Henzinger and
               Aditya V. Nori and
               Sriram K. Rajamani},
  title     = {Probabilistic programming},
  booktitle = {Proceedings of the on Future of Software Engineering, {FOSE} 2014,
               Hyderabad, India, May 31 - June 7, 2014},
  pages     = {167--181},
  year      = {2014},
  crossref  = {DBLP:conf/icse/2014fose},
  url       = {https://doi.org/10.1145/2593882.2593900},
  doi       = {10.1145/2593882.2593900},
  timestamp = {Tue, 06 Nov 2018 11:06:55 +0100},
  biburl    = {https://dblp.org/rec/conf/icse/GordonHNR14.bib},
  bibsource = {dblp computer science bibliography, https://dblp.org}
}
@proceedings{DBLP:conf/icse/2014fose,
  editor    = {James D. Herbsleb and
               Matthew B. Dwyer},
  title     = {Proceedings of the on Future of Software Engineering, {FOSE} 2014,
               Hyderabad, India, May 31 - June 7, 2014},
  publisher = {{ACM}},
  year      = {2014},
  url       = {http://dl.acm.org/citation.cfm?id=2593882},
  isbn      = {978-1-4503-2865-4},
  timestamp = {Sun, 25 May 2014 19:36:25 +0200},
  biburl    = {https://dblp.org/rec/conf/icse/2014fose.bib},
  bibsource = {dblp computer science bibliography, https://dblp.org}
}
@article{DBLP:journals/ndjfl/Hailperin84,
  author    = {Theodore Hailperin},
  title     = {Probability logic},
  journal   = {Notre Dame Journal of Formal Logic},
  volume    = {25},
  number    = {3},
  pages     = {198--212},
  year      = {1984},
  url       = {https://doi.org/10.1305/ndjfl/1093870625},
  doi       = {10.1305/ndjfl/1093870625},
  timestamp = {Thu, 18 May 2017 09:51:34 +0200},
  biburl    = {https://dblp.org/rec/journals/ndjfl/Hailperin84.bib},
  bibsource = {dblp computer science bibliography, https://dblp.org}
}
@article{DBLP:journals/ai/Poole97,
  author    = {David Poole},
  title     = {The Independent Choice Logic for Modelling Multiple Agents Under Uncertainty},
  journal   = {Artif. Intell.},
  volume    = {94},
  number    = {1-2},
  pages     = {7--56},
  year      = {1997},
  url       = {https://doi.org/10.1016/S0004-3702(97)00027-1},
  doi       = {10.1016/S0004-3702(97)00027-1},
  timestamp = {Wed, 14 Nov 2018 10:49:59 +0100},
  biburl    = {https://dblp.org/rec/journals/ai/Poole97.bib},
  bibsource = {dblp computer science bibliography, https://dblp.org}
}
@book{DBLP:series/synthesis/2016Raedt,
  author    = {Luc {De Raedt} and
               Kristian Kersting and
               Sriraam Natarajan and
               David Poole},
  title     = {Statistical Relational Artificial Intelligence: Logic, Probability,
               and Computation},
  series    = {Synthesis Lectures on Artificial Intelligence and Machine Learning},
  publisher = {Morgan {\&} Claypool Publishers},
  year      = {2016},
  url       = {https://doi.org/10.2200/S00692ED1V01Y201601AIM032},
  doi       = {10.2200/S00692ED1V01Y201601AIM032},
  timestamp = {Mon, 06 Nov 2017 17:26:29 +0100},
  biburl    = {https://dblp.org/rec/series/synthesis/2016Raedt.bib},
  bibsource = {dblp computer science bibliography, https://dblp.org}
}
@inproceedings{DBLP:conf/aaai/CarlsonBKSHM10,
  author    = {Andrew Carlson and
               Justin Betteridge and
               Bryan Kisiel and
               Burr Settles and
               Estevam R. Hruschka Jr. and
               Tom M. Mitchell},
  title     = {Toward an Architecture for Never-Ending Language Learning},
  booktitle = {Proceedings of the Twenty-Fourth {AAAI} Conference on Artificial Intelligence,
               {AAAI} 2010, Atlanta, Georgia, USA, July 11-15, 2010},
  year      = {2010},
  crossref  = {DBLP:conf/aaai/2010},
  url       = {http://www.aaai.org/ocs/index.php/AAAI/AAAI10/paper/view/1879},
  timestamp = {Mon, 06 Nov 2017 17:26:30 +0100},
  biburl    = {https://dblp.org/rec/conf/aaai/CarlsonBKSHM10.bib},
  bibsource = {dblp computer science bibliography, https://dblp.org}
}
@proceedings{DBLP:conf/aaai/2010,
  editor    = {Maria Fox and
               David Poole},
  title     = {Proceedings of the Twenty-Fourth {AAAI} Conference on Artificial Intelligence,
               {AAAI} 2010, Atlanta, Georgia, USA, July 11-15, 2010},
  publisher = {{AAAI} Press},
  year      = {2010},
  timestamp = {Mon, 06 Nov 2017 17:26:30 +0100},
  biburl    = {https://dblp.org/rec/conf/aaai/2010.bib},
  bibsource = {dblp computer science bibliography, https://dblp.org}
}
@inproceedings{DBLP:conf/sdm/DelaneyFCWJ10,
  author    = {Brian Delaney and
               Andrew S. Fast and
               William M. Campbell and
               Clifford J. Weinstein and
               David D. Jensen},
  title     = {The Application of Statistical Relational Learning to a Database of
               Criminal and Terrorist Activity},
  booktitle = {Proceedings of the {SIAM} International Conference on Data Mining,
               {SDM} 2010, April 29 - May 1, 2010, Columbus, Ohio, {USA}},
  pages     = {409--417},
  year      = {2010},
  crossref  = {DBLP:conf/sdm/2010},
  url       = {https://doi.org/10.1137/1.9781611972801.36},
  doi       = {10.1137/1.9781611972801.36},
  timestamp = {Wed, 17 May 2017 14:24:53 +0200},
  biburl    = {https://dblp.org/rec/conf/sdm/DelaneyFCWJ10.bib},
  bibsource = {dblp computer science bibliography, https://dblp.org}
}
@proceedings{DBLP:conf/sdm/2010,
  title     = {Proceedings of the {SIAM} International Conference on Data Mining,
               {SDM} 2010, April 29 - May 1, 2010, Columbus, Ohio, {USA}},
  publisher = {{SIAM}},
  year      = {2010},
  url       = {https://doi.org/10.1137/1.9781611972801},
  doi       = {10.1137/1.9781611972801},
  isbn      = {978-0-89871-703-7},
  timestamp = {Wed, 17 May 2017 14:24:53 +0200},
  biburl    = {https://dblp.org/rec/conf/sdm/2010.bib},
  bibsource = {dblp computer science bibliography, https://dblp.org}
}
@inproceedings{DBLP:conf/icdm/ChandraSKTA14,
  author    = {Swarup Chandra and
               Justin Sahs and
               Latifur Khan and
               Bhavani M. Thuraisingham and
               Charu C. Aggarwal},
  title     = {Stream Mining Using Statistical Relational Learning},
  booktitle = {2014 {IEEE} International Conference on Data Mining, {ICDM} 2014,
               Shenzhen, China, December 14-17, 2014},
  pages     = {743--748},
  year      = {2014},
  crossref  = {DBLP:conf/icdm/2014},
  url       = {https://doi.org/10.1109/ICDM.2014.144},
  doi       = {10.1109/ICDM.2014.144},
  timestamp = {Wed, 16 Oct 2019 14:14:51 +0200},
  biburl    = {https://dblp.org/rec/conf/icdm/ChandraSKTA14.bib},
  bibsource = {dblp computer science bibliography, https://dblp.org}
}
@proceedings{DBLP:conf/icdm/2014,
  editor    = {Ravi Kumar and
               Hannu Toivonen and
               Jian Pei and
               Joshua Zhexue Huang and
               Xindong Wu},
  title     = {2014 {IEEE} International Conference on Data Mining, {ICDM} 2014,
               Shenzhen, China, December 14-17, 2014},
  publisher = {{IEEE} Computer Society},
  year      = {2014},
  url       = {https://ieeexplore.ieee.org/xpl/conhome/7022262/proceeding},
  isbn      = {978-1-4799-4302-9},
  timestamp = {Wed, 16 Oct 2019 14:14:51 +0200},
  biburl    = {https://dblp.org/rec/conf/icdm/2014.bib},
  bibsource = {dblp computer science bibliography, https://dblp.org}
}
@inproceedings{vlasselaer2012statistical,
  title={Statistical relational learning for prognostics},
  author={Vlasselaer, Jonas and Meert, Wannes},
  booktitle={Proceedings of the 21st Belgian-Dutch Conference on Machine Learning},
  pages={45--50},
  year={2012}
}
@inproceedings{DBLP:conf/pkdd/NassifKBPSC13,
  author    = {Houssam Nassif and
               Finn Kuusisto and
               Elizabeth S. Burnside and
               David Page and
               Jude W. Shavlik and
               V{\'{\i}}tor Santos Costa},
  title     = {Score As You Lift {(SAYL):} {A} Statistical Relational Learning Approach
               to Uplift Modeling},
  booktitle = {Machine Learning and Knowledge Discovery in Databases - European Conference,
               {ECML} {PKDD} 2013, Prague, Czech Republic, September 23-27, 2013,
               Proceedings, Part {III}},
  pages     = {595--611},
  year      = {2013},
  crossref  = {DBLP:conf/pkdd/2013-3},
  url       = {https://doi.org/10.1007/978-3-642-40994-3\_38},
  doi       = {10.1007/978-3-642-40994-3\_38},
  timestamp = {Sun, 02 Jun 2019 21:18:12 +0200},
  biburl    = {https://dblp.org/rec/conf/pkdd/NassifKBPSC13.bib},
  bibsource = {dblp computer science bibliography, https://dblp.org}
}
@proceedings{DBLP:conf/pkdd/2013-3,
  editor    = {Hendrik Blockeel and
               Kristian Kersting and
               Siegfried Nijssen and
               Filip Zelezn{\'{y}}},
  title     = {Machine Learning and Knowledge Discovery in Databases - European Conference,
               {ECML} {PKDD} 2013, Prague, Czech Republic, September 23-27, 2013,
               Proceedings, Part {III}},
  series    = {Lecture Notes in Computer Science},
  volume    = {8190},
  publisher = {Springer},
  year      = {2013},
  url       = {https://doi.org/10.1007/978-3-642-40994-3},
  doi       = {10.1007/978-3-642-40994-3},
  isbn      = {978-3-642-40993-6},
  timestamp = {Tue, 14 May 2019 10:00:47 +0200},
  biburl    = {https://dblp.org/rec/conf/pkdd/2013-3.bib},
  bibsource = {dblp computer science bibliography, https://dblp.org}
}
@inproceedings{DBLP:conf/ijcai/DriesKDBR17,
  author    = {Anton Dries and
               Angelika Kimmig and
               Jesse Davis and
               Vaishak Belle and
               Luc {De Raedt}},
  title     = {Solving Probability Problems in Natural Language},
  booktitle = {Proceedings of the Twenty-Sixth International Joint Conference on
               Artificial Intelligence, {IJCAI} 2017, Melbourne, Australia, August
               19-25, 2017},
  pages     = {3981--3987},
  year      = {2017},
  crossref  = {DBLP:conf/ijcai/2017},
  url       = {https://doi.org/10.24963/ijcai.2017/556},
  doi       = {10.24963/ijcai.2017/556},
  timestamp = {Tue, 20 Aug 2019 16:18:03 +0200},
  biburl    = {https://dblp.org/rec/conf/ijcai/DriesKDBR17.bib},
  bibsource = {dblp computer science bibliography, https://dblp.org}
}
@proceedings{DBLP:conf/ijcai/2017,
  editor    = {Carles Sierra},
  title     = {Proceedings of the Twenty-Sixth International Joint Conference on
               Artificial Intelligence, {IJCAI} 2017, Melbourne, Australia, August
               19-25, 2017},
  publisher = {ijcai.org},
  year      = {2017},
  url       = {http://www.ijcai.org/Proceedings/2017/},
  isbn      = {978-0-9992411-0-3},
  timestamp = {Tue, 20 Aug 2019 16:16:54 +0200},
  biburl    = {https://dblp.org/rec/conf/ijcai/2017.bib},
  bibsource = {dblp computer science bibliography, https://dblp.org}
}
@article{DBLP:journals/jcb/SakhanenkoG12,
  author    = {Nikita A. Sakhanenko and
               David J. Galas},
  title     = {Probabilistic Logic Methods and Some Applications to Biology and Medicine},
  journal   = {J. Comput. Biol.},
  volume    = {19},
  number    = {3},
  pages     = {316--336},
  year      = {2012},
  url       = {https://doi.org/10.1089/cmb.2011.0234},
  doi       = {10.1089/cmb.2011.0234},
  timestamp = {Thu, 12 Mar 2020 14:19:20 +0100},
  biburl    = {https://dblp.org/rec/journals/jcb/SakhanenkoG12.bib},
  bibsource = {dblp computer science bibliography, https://dblp.org}
}
@inproceedings{DBLP:conf/ilp/Corte-RealD017,
  author    = {Joana C{\^{o}}rte{-}Real and
               In{\^{e}}s Dutra and
               Ricardo Rocha},
  title     = {On Applying Probabilistic Logic Programming to Breast Cancer Data},
  booktitle = {Inductive Logic Programming - 27th International Conference, {ILP}
               2017, Orl{\'{e}}ans, France, September 4-6, 2017, Revised Selected
               Papers},
  pages     = {31--45},
  year      = {2017},
  crossref  = {DBLP:conf/ilp/2017},
  url       = {https://doi.org/10.1007/978-3-319-78090-0\_3},
  doi       = {10.1007/978-3-319-78090-0\_3},
  timestamp = {Sat, 19 Oct 2019 20:26:46 +0200},
  biburl    = {https://dblp.org/rec/conf/ilp/Corte-RealD017.bib},
  bibsource = {dblp computer science bibliography, https://dblp.org}
}
@proceedings{DBLP:conf/ilp/2017,
  editor    = {Nicolas Lachiche and
               Christel Vrain},
  title     = {Inductive Logic Programming - 27th International Conference, {ILP}
               2017, Orl{\'{e}}ans, France, September 4-6, 2017, Revised Selected
               Papers},
  series    = {Lecture Notes in Computer Science},
  volume    = {10759},
  publisher = {Springer},
  year      = {2018},
  url       = {https://doi.org/10.1007/978-3-319-78090-0},
  doi       = {10.1007/978-3-319-78090-0},
  isbn      = {978-3-319-78089-4},
  timestamp = {Tue, 14 May 2019 10:00:36 +0200},
  biburl    = {https://dblp.org/rec/conf/ilp/2017.bib},
  bibsource = {dblp computer science bibliography, https://dblp.org}
}
@article{DBLP:journals/tplp/VennekensDB09,
  author    = {Joost Vennekens and
               Marc Denecker and
               Maurice Bruynooghe},
  title     = {CP-logic: {A} language of causal probabilistic events and its relation
               to logic programming},
  journal   = {Theory Pract. Log. Program.},
  volume    = {9},
  number    = {3},
  pages     = {245--308},
  year      = {2009},
  url       = {https://doi.org/10.1017/S1471068409003767},
  doi       = {10.1017/S1471068409003767},
  timestamp = {Thu, 13 Feb 2020 14:39:46 +0100},
  biburl    = {https://dblp.org/rec/journals/tplp/VennekensDB09.bib},
  bibsource = {dblp computer science bibliography, https://dblp.org}
}
@article{DBLP:journals/corr/YangKAGN16,
  author    = {Shuo Yang and
               Mohammed Korayem and
               Khalifeh AlJadda and
               Trey Grainger and
               Sriraam Natarajan},
  title     = {Application of Statistical Relational Learning to Hybrid Recommendation
               Systems},
  journal   = {CoRR},
  volume    = {abs/1607.01050},
  year      = {2016},
  url       = {http://arxiv.org/abs/1607.01050},
  archivePrefix = {arXiv},
  eprint    = {1607.01050},
  timestamp = {Mon, 13 Aug 2018 16:47:12 +0200},
  biburl    = {https://dblp.org/rec/journals/corr/YangKAGN16.bib},
  bibsource = {dblp computer science bibliography, https://dblp.org}
}
@inproceedings{DBLP:conf/icra/MoldovanMOSR12,
  author    = {Bogdan Moldovan and
               Plinio Moreno and
               Martijn van Otterlo and
               Jos{\'{e}} Santos{-}Victor and
               Luc {De Raedt}},
  title     = {Learning relational affordance models for robots in multi-object manipulation
               tasks},
  booktitle = {{IEEE} International Conference on Robotics and Automation, {ICRA}
               2012, 14-18 May, 2012, St. Paul, Minnesota, {USA}},
  pages     = {4373--4378},
  year      = {2012},
  crossref  = {DBLP:conf/icra/2012},
  url       = {https://doi.org/10.1109/ICRA.2012.6225042},
  doi       = {10.1109/ICRA.2012.6225042},
  timestamp = {Wed, 16 Oct 2019 14:14:51 +0200},
  biburl    = {https://dblp.org/rec/conf/icra/MoldovanMOSR12.bib},
  bibsource = {dblp computer science bibliography, https://dblp.org}
}
@proceedings{DBLP:conf/icra/2012,
  title     = {{IEEE} International Conference on Robotics and Automation, {ICRA}
               2012, 14-18 May, 2012, St. Paul, Minnesota, {USA}},
  publisher = {{IEEE}},
  year      = {2012},
  url       = {https://ieeexplore.ieee.org/xpl/conhome/6215071/proceeding},
  isbn      = {978-1-4673-1403-9},
  timestamp = {Wed, 16 Oct 2019 14:14:51 +0200},
  biburl    = {https://dblp.org/rec/conf/icra/2012.bib},
  bibsource = {dblp computer science bibliography, https://dblp.org}
}
@inproceedings{DBLP:conf/ilp/MoldovanORMS11,
  author    = {Bogdan Moldovan and
               Martijn van Otterlo and
               Luc {De Raedt} and
               Plinio Moreno and
               Jos{\'{e}} Santos{-}Victor},
  title     = {Statistical Relational Learning of Object Affordances for Robotic
               Manipulation},
  booktitle = {Latest Advances in Inductive Logic Programming, {ILP} 2011, Late Breaking
               Papers, Windsor Great Park, UK, July 31 - August 3, 2011},
  pages     = {95--103},
  year      = {2011},
  crossref  = {DBLP:conf/ilp/2011lbp},
  url       = {https://doi.org/10.1142/9781783265091\_0012},
  doi       = {10.1142/9781783265091\_0012},
  timestamp = {Sat, 19 Oct 2019 20:26:45 +0200},
  biburl    = {https://dblp.org/rec/conf/ilp/MoldovanORMS11.bib},
  bibsource = {dblp computer science bibliography, https://dblp.org}
}
@proceedings{DBLP:conf/ilp/2011lbp,
  editor    = {Stephen H. Muggleton and
               Hiroaki Watanabe},
  title     = {Latest Advances in Inductive Logic Programming, {ILP} 2011, Late Breaking
               Papers, Windsor Great Park, UK, July 31 - August 3, 2011},
  publisher = {Imperial College Press / World Scientific},
  year      = {2014},
  url       = {https://doi.org/10.1142/p954},
  doi       = {10.1142/p954},
  isbn      = {978-1-78326-508-4},
  timestamp = {Tue, 23 Jul 2019 13:48:29 +0200},
  biburl    = {https://dblp.org/rec/conf/ilp/2011lbp.bib},
  bibsource = {dblp computer science bibliography, https://dblp.org}
}
@inproceedings{DBLP:conf/icra/JainMB09,
  author    = {Dominik Jain and
               Lorenz M{\"{o}}senlechner and
               Michael Beetz},
  title     = {Equipping robot control programs with first-order probabilistic reasoning
               capabilities},
  booktitle = {2009 {IEEE} International Conference on Robotics and Automation, {ICRA}
               2009, Kobe, Japan, May 12-17, 2009},
  pages     = {3626--3631},
  year      = {2009},
  crossref  = {DBLP:conf/icra/2009},
  url       = {https://doi.org/10.1109/ROBOT.2009.5152676},
  doi       = {10.1109/ROBOT.2009.5152676},
  timestamp = {Wed, 14 Nov 2018 10:58:07 +0100},
  biburl    = {https://dblp.org/rec/conf/icra/JainMB09.bib},
  bibsource = {dblp computer science bibliography, https://dblp.org}
}
@proceedings{DBLP:conf/icra/2009,
  title     = {2009 {IEEE} International Conference on Robotics and Automation, {ICRA}
               2009, Kobe, Japan, May 12-17, 2009},
  publisher = {{IEEE}},
  year      = {2009},
  timestamp = {Fri, 15 Jan 2010 08:24:40 +0100},
  biburl    = {https://dblp.org/rec/conf/icra/2009.bib},
  bibsource = {dblp computer science bibliography, https://dblp.org}
}
@inproceedings{DBLP:conf/iros/MoldovanR14,
  author    = {Bogdan Moldovan and
               Luc {De Raedt}},
  title     = {Learning relational affordance models for two-arm robots},
  booktitle = {2014 {IEEE/RSJ} International Conference on Intelligent Robots and
               Systems, Chicago, IL, USA, September 14-18, 2014},
  pages     = {2916--2922},
  year      = {2014},
  crossref  = {DBLP:conf/iros/2014},
  url       = {https://doi.org/10.1109/IROS.2014.6942964},
  doi       = {10.1109/IROS.2014.6942964},
  timestamp = {Wed, 16 Oct 2019 14:14:51 +0200},
  biburl    = {https://dblp.org/rec/conf/iros/MoldovanR14.bib},
  bibsource = {dblp computer science bibliography, https://dblp.org}
}
@proceedings{DBLP:conf/iros/2014,
  title     = {2014 {IEEE/RSJ} International Conference on Intelligent Robots and
               Systems, Chicago, IL, USA, September 14-18, 2014},
  publisher = {{IEEE}},
  year      = {2014},
  url       = {https://ieeexplore.ieee.org/xpl/conhome/6926644/proceeding},
  timestamp = {Wed, 16 Oct 2019 14:14:51 +0200},
  biburl    = {https://dblp.org/rec/conf/iros/2014.bib},
  bibsource = {dblp computer science bibliography, https://dblp.org}
}
@article{bunescu2007statistical,
  title={Statistical relational learning for natural language information extraction},
  author={Bunescu, Razvan and Mooney, R},
  journal={Statistical relational learning},
  pages={535--552},
  year={2007},
  publisher={MIT}
}
@inproceedings{DBLP:conf/emnlp/VerbekeAMFDR12,
  author    = {Mathias Verbeke and
               Vincent Van Asch and
               Roser Morante and
               Paolo Frasconi and
               Walter Daelemans and
               Luc {De Raedt}},
  title     = {A Statistical Relational Learning Approach to Identifying Evidence
               Based Medicine Categories},
  booktitle = {Proceedings of the 2012 Joint Conference on Empirical Methods in Natural
               Language Processing and Computational Natural Language Learning, EMNLP-CoNLL
               2012, July 12-14, 2012, Jeju Island, Korea},
  pages     = {579--589},
  year      = {2012},
  crossref  = {DBLP:conf/emnlp/2012},
  url       = {https://www.aclweb.org/anthology/D12-1053/},
  timestamp = {Fri, 13 Sep 2019 13:08:45 +0200},
  biburl    = {https://dblp.org/rec/conf/emnlp/VerbekeAMFDR12.bib},
  bibsource = {dblp computer science bibliography, https://dblp.org}
}
@proceedings{DBLP:conf/emnlp/2012,
  editor    = {Jun'ichi Tsujii and
               James Henderson and
               Marius Pasca},
  title     = {Proceedings of the 2012 Joint Conference on Empirical Methods in Natural
               Language Processing and Computational Natural Language Learning, EMNLP-CoNLL
               2012, July 12-14, 2012, Jeju Island, Korea},
  publisher = {{ACL}},
  year      = {2012},
  url       = {https://www.aclweb.org/anthology/volumes/D12-1/},
  isbn      = {978-1-937284-43-5},
  timestamp = {Fri, 13 Sep 2019 13:08:45 +0200},
  biburl    = {https://dblp.org/rec/conf/emnlp/2012.bib},
  bibsource = {dblp computer science bibliography, https://dblp.org}
}
@inproceedings{DBLP:conf/naacl/PoonV10,
  author    = {Hoifung Poon and
               Lucy Vanderwende},
  title     = {Joint Inference for Knowledge Extraction from Biomedical Literature},
  booktitle = {Human Language Technologies: Conference of the North American Chapter
               of the Association of Computational Linguistics, Proceedings, June
               2-4, 2010, Los Angeles, California, {USA}},
  pages     = {813--821},
  year      = {2010},
  crossref  = {DBLP:conf/naacl/2010},
  url       = {https://www.aclweb.org/anthology/N10-1123/},
  timestamp = {Mon, 16 Sep 2019 17:08:53 +0200},
  biburl    = {https://dblp.org/rec/conf/naacl/PoonV10.bib},
  bibsource = {dblp computer science bibliography, https://dblp.org}
}
@proceedings{DBLP:conf/naacl/2010,
  title     = {Human Language Technologies: Conference of the North American Chapter
               of the Association of Computational Linguistics, Proceedings, June
               2-4, 2010, Los Angeles, California, {USA}},
  publisher = {The Association for Computational Linguistics},
  year      = {2010},
  url       = {https://www.aclweb.org/anthology/volumes/N10-1/},
  isbn      = {978-1-932432-65-7},
  timestamp = {Mon, 16 Sep 2019 17:08:53 +0200},
  biburl    = {https://dblp.org/rec/conf/naacl/2010.bib},
  bibsource = {dblp computer science bibliography, https://dblp.org}
}
@book{boole1957laws,
  title={The laws of thought},
  author={Boole, George},
  year={1957},
  publisher={Dover, New York (original edition 1854)}
}
@article{boole1854v,
  title={Solution of a question in the theory of probabilities},
  author={Boole, George},
  journal={The London, Edinburgh, and Dublin Philosophical Magazine and Journal of Science},
  volume={7},
  number={42},
  pages={29--32},
  year={1854},
  publisher={Taylor \& Francis}
}
@book{sikorski1969boolean,
  title={Boolean algebras},
  author={Sikorski, Roman},
  edition={third},
  year={1969},
  publisher={Springer}
}
@article{DBLP:journals/pvldb/SenDG08,
  author    = {Prithviraj Sen and
               Amol Deshpande and
               Lise Getoor},
  title     = {Exploiting shared correlations in probabilistic databases},
  journal   = {Proc. {VLDB} Endow.},
  volume    = {1},
  number    = {1},
  pages     = {809--820},
  year      = {2008},
  url       = {http://www.vldb.org/pvldb/vol1/1453944.pdf},
  doi       = {10.14778/1453856.1453944},
  timestamp = {Sat, 25 Apr 2020 13:59:02 +0200},
  biburl    = {https://dblp.org/rec/journals/pvldb/SenDG08.bib},
  bibsource = {dblp computer science bibliography, https://dblp.org}
}
@article{belle2020abstracting,
  title={Abstracting probabilistic models: Relations, constraints and beyond},
  author={Belle, Vaishak},
  journal={Knowledge-Based Systems},
  pages={105976},
  year={2020},
  publisher={Elsevier}
}