@manual{choco,
  author        = {Charles Prud'homme and Jean-Guillaume Fages and Xavier Lorca},
  title         = {Choco Documentation},
  year          = {2017},
  organization  = {TASC - LS2N CNRS UMR 6241, COSLING S.A.S.},
  timestamp     = {Thu, 23 November 2017},
  url           = {http://www.choco-solver.org },
}
@inproceedings{DBLP:conf/ijcai/RaedtKT07,
  author    = {Luc {De Raedt} and
               Angelika Kimmig and
               Hannu Toivonen},
  title     = {{ProbLog}: {A} Probabilistic {Prolog} and Its Application in Link Discovery},
  booktitle = {{IJCAI} 2007, Proceedings of the 20th International Joint Conference
               on Artificial Intelligence, Hyderabad, India, January 6-12, 2007},
  pages     = {2462--2467},
  year      = {2007},
  crossref  = {DBLP:conf/ijcai/2007},
  timestamp = {Tue, 20 Aug 2019 16:18:51 +0200},
  biburl    = {https://dblp.org/rec/bib/conf/ijcai/RaedtKT07},
  bibsource = {dblp computer science bibliography, https://dblp.org}
}
@proceedings{DBLP:conf/ijcai/2007,
  editor    = {Manuela M. Veloso},
  title     = {{IJCAI} 2007, Proceedings of the 20th International Joint Conference
               on Artificial Intelligence, Hyderabad, India, January 6-12, 2007},
  year      = {2007},
  timestamp = {Tue, 20 Aug 2019 16:17:11 +0200},
  biburl    = {https://dblp.org/rec/bib/conf/ijcai/2007},
  bibsource = {dblp computer science bibliography, https://dblp.org}
}
@inproceedings{DBLP:conf/cp/FagesL11,
  author    = {Jean{-}Guillaume Fages and
               Xavier Lorca},
  title     = {Revisiting the tree Constraint},
  booktitle = {Principles and Practice of Constraint Programming - {CP} 2011 - 17th
               International Conference, {CP} 2011, Perugia, Italy, September 12-16,
               2011. Proceedings},
  pages     = {271--285},
  year      = {2011},
  crossref  = {DBLP:conf/cp/2011},
  doi       = {10.1007/978-3-642-23786-7\_22},
  timestamp = {Sat, 19 Oct 2019 20:32:31 +0200},
  biburl    = {https://dblp.org/rec/bib/conf/cp/FagesL11},
  bibsource = {dblp computer science bibliography, https://dblp.org}
}
@proceedings{DBLP:conf/cp/2011,
  editor    = {Jimmy Ho{-}Man Lee},
  title     = {Principles and Practice of Constraint Programming - {CP} 2011 - 17th
               International Conference, {CP} 2011, Perugia, Italy, September 12-16,
               2011. Proceedings},
  series    = {Lecture Notes in Computer Science},
  volume    = {6876},
  publisher = {Springer},
  year      = {2011},
  doi       = {10.1007/978-3-642-23786-7},
  isbn      = {978-3-642-23785-0},
  timestamp = {Tue, 14 May 2019 10:00:45 +0200},
  biburl    = {https://dblp.org/rec/bib/conf/cp/2011},
  bibsource = {dblp computer science bibliography, https://dblp.org}
}
@article{DBLP:journals/tplp/KimmigDRCR11,
  author    = {Angelika Kimmig and
               Bart Demoen and
               Luc {De Raedt} and
               V{\'{\i}}tor {Santos Costa} and
               Ricardo Rocha},
  title     = {On the implementation of the probabilistic logic programming language
               {ProbLog}},
  journal   = {{TPLP}},
  volume    = {11},
  number    = {2-3},
  pages     = {235--262},
  year      = {2011},
  doi       = {10.1017/S1471068410000566},
  timestamp = {Fri, 09 Jun 2017 11:02:36 +0200},
  biburl    = {https://dblp.org/rec/bib/journals/tplp/KimmigDRCR11},
  bibsource = {dblp computer science bibliography, https://dblp.org}
}
@inproceedings{DBLP:conf/ecai/BruynoogheMKGVJR10,
  author    = {Maurice Bruynooghe and
               Theofrastos Mantadelis and
               Angelika Kimmig and
               Bernd Gutmann and
               Joost Vennekens and
               Gerda Janssens and
               Luc {De Raedt}},
  title     = {{ProbLog} Technology for Inference in a Probabilistic First Order Logic},
  booktitle = {{ECAI} 2010 - 19th European Conference on Artificial Intelligence,
               Lisbon, Portugal, August 16-20, 2010, Proceedings},
  pages     = {719--724},
  year      = {2010},
  crossref  = {DBLP:conf/ecai/2010},
  doi       = {10.3233/978-1-60750-606-5-719},
  timestamp = {Fri, 26 Apr 2019 14:26:43 +0200},
  biburl    = {https://dblp.org/rec/bib/conf/ecai/BruynoogheMKGVJR10},
  bibsource = {dblp computer science bibliography, https://dblp.org}
}
@proceedings{DBLP:conf/ecai/2010,
  editor    = {Helder Coelho and
               Rudi Studer and
               Michael J. Wooldridge},
  title     = {{ECAI} 2010 - 19th European Conference on Artificial Intelligence,
               Lisbon, Portugal, August 16-20, 2010, Proceedings},
  series    = {Frontiers in Artificial Intelligence and Applications},
  volume    = {215},
  publisher = {{IOS} Press},
  year      = {2010},
  isbn      = {978-1-60750-605-8},
  timestamp = {Fri, 26 Apr 2019 14:26:43 +0200},
  biburl    = {https://dblp.org/rec/bib/conf/ecai/2010},
  bibsource = {dblp computer science bibliography, https://dblp.org}
}
@inproceedings{DBLP:conf/ijcai/VlasselaerBKMR15,
  author    = {Jonas Vlasselaer and
               Guy {Van den Broeck} and
               Angelika Kimmig and
               Wannes Meert and
               Luc {De Raedt}},
  title     = {Anytime Inference in Probabilistic Logic Programs with {Tp}-Compilation},
  booktitle = {Proceedings of the Twenty-Fourth International Joint Conference on
               Artificial Intelligence, {IJCAI} 2015, Buenos Aires, Argentina, July
               25-31, 2015},
  pages     = {1852--1858},
  year      = {2015},
  crossref  = {DBLP:conf/ijcai/2015},
  timestamp = {Tue, 20 Aug 2019 16:16:43 +0200},
  biburl    = {https://dblp.org/rec/bib/conf/ijcai/VlasselaerBKMR15},
  bibsource = {dblp computer science bibliography, https://dblp.org}
}
@proceedings{DBLP:conf/ijcai/2015,
  editor    = {Qiang Yang and
               Michael J. Wooldridge},
  title     = {Proceedings of the Twenty-Fourth International Joint Conference on
               Artificial Intelligence, {IJCAI} 2015, Buenos Aires, Argentina, July
               25-31, 2015},
  publisher = {{AAAI} Press},
  year      = {2015},
  isbn      = {978-1-57735-738-4},
  timestamp = {Tue, 20 Aug 2019 16:16:43 +0200},
  biburl    = {https://dblp.org/rec/bib/conf/ijcai/2015},
  bibsource = {dblp computer science bibliography, https://dblp.org}
}
@inproceedings{DBLP:conf/lpnmr/NamasivayamT09,
  author    = {Gayathri Namasivayam and
               Miroslaw Truszczynski},
  title     = {Simple Random Logic Programs},
  booktitle = {Logic Programming and Nonmonotonic Reasoning, 10th International Conference,
               {LPNMR} 2009, Potsdam, Germany, September 14-18, 2009. Proceedings},
  pages     = {223--235},
  year      = {2009},
  crossref  = {DBLP:conf/lpnmr/2009},
  doi       = {10.1007/978-3-642-04238-6\_20},
  timestamp = {Tue, 14 May 2019 10:00:48 +0200},
  biburl    = {https://dblp.org/rec/bib/conf/lpnmr/NamasivayamT09},
  bibsource = {dblp computer science bibliography, https://dblp.org}
}
@proceedings{DBLP:conf/lpnmr/2009,
  editor    = {Esra Erdem and
               Fangzhen Lin and
               Torsten Schaub},
  title     = {Logic Programming and Nonmonotonic Reasoning, 10th International Conference,
               {LPNMR} 2009, Potsdam, Germany, September 14-18, 2009. Proceedings},
  series    = {Lecture Notes in Computer Science},
  volume    = {5753},
  publisher = {Springer},
  year      = {2009},
  doi       = {10.1007/978-3-642-04238-6},
  isbn      = {978-3-642-04237-9},
  timestamp = {Tue, 14 May 2019 10:00:48 +0200},
  biburl    = {https://dblp.org/rec/bib/conf/lpnmr/2009},
  bibsource = {dblp computer science bibliography, https://dblp.org}
}
@article{DBLP:journals/tocl/WenWSL16,
  author    = {Lian Wen and
               Kewen Wang and
               Yi{-}Dong Shen and
               Fangzhen Lin},
  title     = {A Model for Phase Transition of Random Answer-Set Programs},
  journal   = {{ACM} Trans. Comput. Log.},
  volume    = {17},
  number    = {3},
  pages     = {22:1--22:34},
  year      = {2016},
  doi       = {10.1145/2926791},
  timestamp = {Sat, 19 Oct 2019 19:53:52 +0200},
  biburl    = {https://dblp.org/rec/bib/journals/tocl/WenWSL16},
  bibsource = {dblp computer science bibliography, https://dblp.org}
}
@article{DBLP:journals/tplp/WangWM15,
  author    = {Kewen Wang and
               Lian Wen and
               Kedian Mu},
  title     = {Random logic programs: Linear model},
  journal   = {{TPLP}},
  volume    = {15},
  number    = {6},
  pages     = {818--853},
  year      = {2015},
  doi       = {10.1017/S1471068414000611},
  timestamp = {Sat, 19 Oct 2019 19:05:55 +0200},
  biburl    = {https://dblp.org/rec/bib/journals/tplp/WangWM15},
  bibsource = {dblp computer science bibliography, https://dblp.org}
}
@inproceedings{DBLP:conf/iclp/ZhaoL03,
  author    = {Yuting Zhao and
               Fangzhen Lin},
  title     = {Answer Set Programming Phase Transition: {A} Study on Randomly Generated
               Programs},
  booktitle = {Logic Programming, 19th International Conference, {ICLP} 2003, Mumbai,
               India, December 9-13, 2003, Proceedings},
  pages     = {239--253},
  year      = {2003},
  crossref  = {DBLP:conf/iclp/2003},
  doi       = {10.1007/978-3-540-24599-5\_17},
  timestamp = {Tue, 14 May 2019 10:00:48 +0200},
  biburl    = {https://dblp.org/rec/bib/conf/iclp/ZhaoL03},
  bibsource = {dblp computer science bibliography, https://dblp.org}
}
@proceedings{DBLP:conf/iclp/2003,
  editor    = {Catuscia Palamidessi},
  title     = {Logic Programming, 19th International Conference, {ICLP} 2003, Mumbai,
               India, December 9-13, 2003, Proceedings},
  series    = {Lecture Notes in Computer Science},
  volume    = {2916},
  publisher = {Springer},
  year      = {2003},
  doi       = {10.1007/b94619},
  isbn      = {3-540-20642-6},
  timestamp = {Tue, 14 May 2019 10:00:48 +0200},
  biburl    = {https://dblp.org/rec/bib/conf/iclp/2003},
  bibsource = {dblp computer science bibliography, https://dblp.org}
}
@article{DBLP:journals/ml/RaedtK15,
  author    = {Luc {De Raedt} and
               Angelika Kimmig},
  title     = {Probabilistic (logic) programming concepts},
  journal   = {Machine Learning},
  volume    = {100},
  number    = {1},
  pages     = {5--47},
  year      = {2015},
  doi       = {10.1007/s10994-015-5494-z},
  timestamp = {Tue, 26 Jun 2018 14:09:25 +0200},
  biburl    = {https://dblp.org/rec/bib/journals/ml/RaedtK15},
  bibsource = {dblp computer science bibliography, https://dblp.org}
}
@book{DBLP:series/synthesis/2016Raedt,
  author    = {Luc {De Raedt} and
               Kristian Kersting and
               Sriraam Natarajan and
               David Poole},
  title     = {Statistical Relational Artificial Intelligence: Logic, Probability,
               and Computation},
  series    = {Synthesis Lectures on Artificial Intelligence and Machine Learning},
  publisher = {Morgan {\&} Claypool Publishers},
  year      = {2016},
  doi       = {10.2200/S00692ED1V01Y201601AIM032},
  timestamp = {Mon, 06 Nov 2017 17:26:29 +0100},
  biburl    = {https://dblp.org/rec/bib/series/synthesis/2016Raedt},
  bibsource = {dblp computer science bibliography, https://dblp.org}
}
@article{DBLP:journals/cacm/Russell15,
  author    = {Stuart J. Russell},
  title     = {Unifying logic and probability},
  journal   = {Commun. {ACM}},
  volume    = {58},
  number    = {7},
  pages     = {88--97},
  year      = {2015},
  doi       = {10.1145/2699411},
  timestamp = {Tue, 06 Nov 2018 12:51:40 +0100},
  biburl    = {https://dblp.org/rec/journals/cacm/Russell15.bib},
  bibsource = {dblp computer science bibliography, https://dblp.org}
}
@inproceedings{DBLP:conf/ijcai/SatoK97,
  author    = {Taisuke Sato and
               Yoshitaka Kameya},
  title     = {{PRISM:} {A} Language for Symbolic-Statistical Modeling},
  booktitle = {Proceedings of the Fifteenth International Joint Conference on Artificial
               Intelligence, {IJCAI} 97, Nagoya, Japan, August 23-29, 1997, 2 Volumes},
  pages     = {1330--1339},
  year      = {1997},
  crossref  = {DBLP:conf/ijcai/1997},
  timestamp = {Tue, 20 Aug 2019 16:17:27 +0200},
  biburl    = {https://dblp.org/rec/conf/ijcai/SatoK97.bib},
  bibsource = {dblp computer science bibliography, https://dblp.org}
}
@proceedings{DBLP:conf/ijcai/1997,
  title     = {Proceedings of the Fifteenth International Joint Conference on Artificial
               Intelligence, {IJCAI} 97, Nagoya, Japan, August 23-29, 1997, 2 Volumes},
  publisher = {Morgan Kaufmann},
  year      = {1997},
  timestamp = {Tue, 20 Aug 2019 16:17:27 +0200},
  biburl    = {https://dblp.org/rec/conf/ijcai/1997.bib},
  bibsource = {dblp computer science bibliography, https://dblp.org}
}
@article{DBLP:journals/ai/Poole97,
  author    = {David Poole},
  title     = {The Independent Choice Logic for Modelling Multiple Agents Under Uncertainty},
  journal   = {Artif. Intell.},
  volume    = {94},
  number    = {1-2},
  pages     = {7--56},
  year      = {1997},
  doi       = {10.1016/S0004-3702(97)00027-1},
  timestamp = {Wed, 14 Nov 2018 10:49:59 +0100},
  biburl    = {https://dblp.org/rec/journals/ai/Poole97.bib},
  bibsource = {dblp computer science bibliography, https://dblp.org}
}
@article{DBLP:journals/ai/SelmanML96,
  author    = {Bart Selman and
               David G. Mitchell and
               Hector J. Levesque},
  title     = {Generating Hard Satisfiability Problems},
  journal   = {Artif. Intell.},
  volume    = {81},
  number    = {1-2},
  pages     = {17--29},
  year      = {1996},
  doi       = {10.1016/0004-3702(95)00045-3},
  timestamp = {Wed, 14 Nov 2018 10:50:01 +0100},
  biburl    = {https://dblp.org/rec/journals/ai/SelmanML96.bib},
  bibsource = {dblp computer science bibliography, https://dblp.org}
}
@inproceedings{DBLP:conf/cpaior/MairyDL15,
  author    = {Jean{-}Baptiste Mairy and
               Yves Deville and
               Christophe Lecoutre},
  title     = {The Smart Table Constraint},
  booktitle = {Integration of {AI} and {OR} Techniques in Constraint Programming
               - 12th International Conference, {CPAIOR} 2015, Barcelona, Spain,
               May 18-22, 2015, Proceedings},
  pages     = {271--287},
  year      = {2015},
  crossref  = {DBLP:conf/cpaior/2015},
  doi       = {10.1007/978-3-319-18008-3\_19},
  timestamp = {Tue, 14 May 2019 10:00:47 +0200},
  biburl    = {https://dblp.org/rec/conf/cpaior/MairyDL15.bib},
  bibsource = {dblp computer science bibliography, https://dblp.org}
}
@proceedings{DBLP:conf/cpaior/2015,
  editor    = {Laurent Michel},
  title     = {Integration of {AI} and {OR} Techniques in Constraint Programming
               - 12th International Conference, {CPAIOR} 2015, Barcelona, Spain,
               May 18-22, 2015, Proceedings},
  series    = {Lecture Notes in Computer Science},
  volume    = {9075},
  publisher = {Springer},
  year      = {2015},
  doi       = {10.1007/978-3-319-18008-3},
  isbn      = {978-3-319-18007-6},
  timestamp = {Tue, 14 May 2019 10:00:47 +0200},
  biburl    = {https://dblp.org/rec/conf/cpaior/2015.bib},
  bibsource = {dblp computer science bibliography, https://dblp.org}
}
@inproceedings{DBLP:conf/padl/MantadelisR17,
  author    = {Theofrastos Mantadelis and
               Ricardo Rocha},
  title     = {Using Iterative Deepening for Probabilistic Logic Inference},
  booktitle = {Practical Aspects of Declarative Languages - 19th International Symposium,
               {PADL} 2017, Paris, France, January 16-17, 2017, Proceedings},
  pages     = {198--213},
  year      = {2017},
  crossref  = {DBLP:conf/padl/2017},
  doi       = {10.1007/978-3-319-51676-9\_14},
  timestamp = {Tue, 14 May 2019 10:00:42 +0200},
  biburl    = {https://dblp.org/rec/conf/padl/MantadelisR17.bib},
  bibsource = {dblp computer science bibliography, https://dblp.org}
}
@proceedings{DBLP:conf/padl/2017,
  editor    = {Yuliya Lierler and
               Walid Taha},
  title     = {Practical Aspects of Declarative Languages - 19th International Symposium,
               {PADL} 2017, Paris, France, January 16-17, 2017, Proceedings},
  series    = {Lecture Notes in Computer Science},
  volume    = {10137},
  publisher = {Springer},
  year      = {2017},
  doi       = {10.1007/978-3-319-51676-9},
  isbn      = {978-3-319-51675-2},
  timestamp = {Tue, 14 May 2019 10:00:42 +0200},
  biburl    = {https://dblp.org/rec/conf/padl/2017.bib},
  bibsource = {dblp computer science bibliography, https://dblp.org}
}
@article{DBLP:journals/jlp/BalbinPRM91,
  author    = {Isaac Balbin and
               Graeme S. Port and
               Kotagiri Ramamohanarao and
               Krishnamurthy Meenakshi},
  title     = {Efficient Bottom-UP Computation of Queries on Stratified Databases},
  journal   = {J. Log. Program.},
  volume    = {11},
  number    = {3{\&}4},
  pages     = {295--344},
  year      = {1991},
  doi       = {10.1016/0743-1066(91)90030-S},
  timestamp = {Sun, 28 May 2017 13:17:34 +0200},
  biburl    = {https://dblp.org/rec/journals/jlp/BalbinPRM91.bib},
  bibsource = {dblp computer science bibliography, https://dblp.org}
}
@inproceedings{DBLP:conf/cp/Walsh06,
  author    = {Toby Walsh},
  title     = {General Symmetry Breaking Constraints},
  booktitle = {Principles and Practice of Constraint Programming - {CP} 2006, 12th
               International Conference, {CP} 2006, Nantes, France, September 25-29,
               2006, Proceedings},
  pages     = {650--664},
  year      = {2006},
  crossref  = {DBLP:conf/cp/2006},
  doi       = {10.1007/11889205\_46},
  timestamp = {Tue, 14 May 2019 10:00:45 +0200},
  biburl    = {https://dblp.org/rec/conf/cp/Walsh06.bib},
  bibsource = {dblp computer science bibliography, https://dblp.org}
}
@proceedings{DBLP:conf/cp/2006,
  editor    = {Fr{\'{e}}d{\'{e}}ric Benhamou},
  title     = {Principles and Practice of Constraint Programming - {CP} 2006, 12th
               International Conference, {CP} 2006, Nantes, France, September 25-29,
               2006, Proceedings},
  series    = {Lecture Notes in Computer Science},
  volume    = {4204},
  publisher = {Springer},
  year      = {2006},
  doi       = {10.1007/11889205},
  isbn      = {3-540-46267-8},
  timestamp = {Tue, 14 May 2019 10:00:45 +0200},
  biburl    = {https://dblp.org/rec/conf/cp/2006.bib},
  bibsource = {dblp computer science bibliography, https://dblp.org}
}
@article{DBLP:journals/jair/DarwicheM02,
  author    = {Adnan Darwiche and
               Pierre Marquis},
  title     = {A Knowledge Compilation Map},
  journal   = {J. Artif. Intell. Res.},
  volume    = {17},
  pages     = {229--264},
  year      = {2002},
  doi       = {10.1613/jair.989},
  timestamp = {Mon, 21 Jan 2019 15:01:18 +0100},
  biburl    = {https://dblp.org/rec/journals/jair/DarwicheM02.bib},
  bibsource = {dblp computer science bibliography, https://dblp.org}
}
@inproceedings{DBLP:conf/aaai/TsamouraGK20,
  author    = {Efthymia Tsamoura and
               V{\'{\i}}ctor Guti{\'{e}}rrez{-}Basulto and
               Angelika Kimmig},
  title     = {Beyond the Grounding Bottleneck: Datalog Techniques for Inference
               in Probabilistic Logic Programs},
  booktitle = {The Thirty-Fourth {AAAI} Conference on Artificial Intelligence, {AAAI}
               2020, The Thirty-Second Innovative Applications of Artificial Intelligence
               Conference, {IAAI} 2020, The Tenth {AAAI} Symposium on Educational
               Advances in Artificial Intelligence, {EAAI} 2020, New York, NY, USA,
               February 7-12, 2020},
  pages     = {10284--10291},
  publisher = {{AAAI} Press},
  year      = {2020},
  url       = {https://aaai.org/ojs/index.php/AAAI/article/view/6591},
  timestamp = {Tue, 02 Feb 2021 08:00:49 +0100},
  biburl    = {https://dblp.org/rec/conf/aaai/TsamouraGK20.bib},
  bibsource = {dblp computer science bibliography, https://dblp.org}
}
@inproceedings{DBLP:conf/uai/FierensBTGR11,
  author    = {Daan Fierens and
               Guy {Van den Broeck} and
               Ingo Thon and
               Bernd Gutmann and
               Luc {De Raedt}},
  title     = {Inference in Probabilistic Logic Programs using Weighted {CNF}'s},
  booktitle = {{UAI} 2011, Proceedings of the Twenty-Seventh Conference on Uncertainty
               in Artificial Intelligence, Barcelona, Spain, July 14-17, 2011},
  pages     = {211--220},
  year      = {2011},
  crossref  = {DBLP:conf/uai/2011},
  timestamp = {Wed, 06 May 2015 15:02:56 +0200},
  biburl    = {https://dblp.org/rec/conf/uai/FierensBTGR11.bib},
  bibsource = {dblp computer science bibliography, https://dblp.org}
}
@proceedings{DBLP:conf/uai/2011,
  editor    = {F{\'{a}}bio Gagliardi Cozman and
               Avi Pfeffer},
  title     = {{UAI} 2011, Proceedings of the Twenty-Seventh Conference on Uncertainty
               in Artificial Intelligence, Barcelona, Spain, July 14-17, 2011},
  publisher = {{AUAI} Press},
  year      = {2011},
  url       = {https://dslpitt.org/uai/displayArticles.jsp?mmnu=1\&smnu=1\&proceeding\_id=27},
  isbn      = {978-0-9749039-7-2},
  timestamp = {Wed, 06 May 2015 15:02:56 +0200},
  biburl    = {https://dblp.org/rec/conf/uai/2011.bib},
  bibsource = {dblp computer science bibliography, https://dblp.org}
}
@article{DBLP:journals/ai/AmendolaRT20,
  author    = {Giovanni Amendola and
               Francesco Ricca and
               Miroslaw Truszczynski},
  title     = {New models for generating hard random {Boolean} formulas and disjunctive
               logic programs},
  journal   = {Artif. Intell.},
  volume    = {279},
  year      = {2020},
  doi       = {10.1016/j.artint.2019.103185},
  timestamp = {Wed, 15 Jan 2020 08:29:06 +0100},
  biburl    = {https://dblp.org/rec/journals/ai/AmendolaRT20.bib},
  bibsource = {dblp computer science bibliography, https://dblp.org}
}
@inproceedings{DBLP:conf/ijcai/AmendolaRT17,
  author    = {Giovanni Amendola and
               Francesco Ricca and
               Miroslaw Truszczynski},
  title     = {Generating Hard Random {Boolean} Formulas and Disjunctive Logic Programs},
  booktitle = {Proceedings of the Twenty-Sixth International Joint Conference on
               Artificial Intelligence, {IJCAI} 2017, Melbourne, Australia, August
               19-25, 2017},
  pages     = {532--538},
  year      = {2017},
  crossref  = {DBLP:conf/ijcai/2017},
  doi       = {10.24963/ijcai.2017/75},
  timestamp = {Tue, 20 Aug 2019 16:16:54 +0200},
  biburl    = {https://dblp.org/rec/conf/ijcai/AmendolaRT17.bib},
  bibsource = {dblp computer science bibliography, https://dblp.org}
}
@proceedings{DBLP:conf/ijcai/2017,
  editor    = {Carles Sierra},
  title     = {Proceedings of the Twenty-Sixth International Joint Conference on
               Artificial Intelligence, {IJCAI} 2017, Melbourne, Australia, August
               19-25, 2017},
  publisher = {ijcai.org},
  year      = {2017},
  url       = {http://www.ijcai.org/Proceedings/2017/},
  isbn      = {978-0-9992411-0-3},
  timestamp = {Tue, 20 Aug 2019 16:16:54 +0200},
  biburl    = {https://dblp.org/rec/conf/ijcai/2017.bib},
  bibsource = {dblp computer science bibliography, https://dblp.org}
}
@inproceedings{DBLP:conf/aaai/DechterKBE02,
  author    = {Rina Dechter and
               Kalev Kask and
               Eyal Bin and
               Roy Emek},
  title     = {Generating Random Solutions for Constraint Satisfaction Problems},
  booktitle = {Proceedings of the Eighteenth National Conference on Artificial Intelligence
               and Fourteenth Conference on Innovative Applications of Artificial
               Intelligence, July 28 - August 1, 2002, Edmonton, Alberta, Canada},
  pages     = {15--21},
  year      = {2002},
  crossref  = {DBLP:conf/aaai/2002},
  url       = {http://www.aaai.org/Library/AAAI/2002/aaai02-003.php},
  timestamp = {Mon, 26 Feb 2018 07:08:45 +0100},
  biburl    = {https://dblp.org/rec/conf/aaai/DechterKBE02.bib},
  bibsource = {dblp computer science bibliography, https://dblp.org}
}
@proceedings{DBLP:conf/aaai/2002,
  editor    = {Rina Dechter and
               Michael J. Kearns and
               Richard S. Sutton},
  title     = {Proceedings of the Eighteenth National Conference on Artificial Intelligence
               and Fourteenth Conference on Innovative Applications of Artificial
               Intelligence, July 28 - August 1, 2002, Edmonton, Alberta, Canada},
  publisher = {{AAAI} Press / The {MIT} Press},
  year      = {2002},
  url       = {http://www.aaai.org/Conferences/AAAI/aaai02.php},
  timestamp = {Mon, 26 Feb 2018 07:08:45 +0100},
  biburl    = {https://dblp.org/rec/conf/aaai/2002.bib},
  bibsource = {dblp computer science bibliography, https://dblp.org}
}
@inproceedings{DBLP:conf/iclp/Namasivayam09,
  author    = {Gayathri Namasivayam},
  title     = {Study of Random Logic Programs},
  booktitle = {Logic Programming, 25th International Conference, {ICLP} 2009, Pasadena,
               CA, USA, July 14-17, 2009. Proceedings},
  pages     = {555--556},
  year      = {2009},
  crossref  = {DBLP:conf/iclp/2009},
  doi       = {10.1007/978-3-642-02846-5\_61},
  timestamp = {Tue, 14 May 2019 10:00:48 +0200},
  biburl    = {https://dblp.org/rec/conf/iclp/Namasivayam09.bib},
  bibsource = {dblp computer science bibliography, https://dblp.org}
}
@proceedings{DBLP:conf/iclp/2009,
  editor    = {Patricia M. Hill and
               David Scott Warren},
  title     = {Logic Programming, 25th International Conference, {ICLP} 2009, Pasadena,
               CA, USA, July 14-17, 2009. Proceedings},
  series    = {Lecture Notes in Computer Science},
  volume    = {5649},
  publisher = {Springer},
  year      = {2009},
  doi       = {10.1007/978-3-642-02846-5},
  isbn      = {978-3-642-02845-8},
  timestamp = {Tue, 14 May 2019 10:00:48 +0200},
  biburl    = {https://dblp.org/rec/conf/iclp/2009.bib},
  bibsource = {dblp computer science bibliography, https://dblp.org}
}
@article{DBLP:journals/tcs/Bidoit91,
  author    = {Nicole Bidoit},
  title     = {Negation in Rule-Based Database Languages: {A} Survey},
  journal   = {Theor. Comput. Sci.},
  volume    = {78},
  number    = {1},
  pages     = {3--83},
  year      = {1991},
  doi       = {10.1016/0304-3975(51)90003-5},
  timestamp = {Sun, 28 May 2017 13:20:06 +0200},
  biburl    = {https://dblp.org/rec/journals/tcs/Bidoit91.bib},
  bibsource = {dblp computer science bibliography, https://dblp.org}
}
@inproceedings{DBLP:conf/cpaior/MearsSSTMW14,
  author    = {Christopher Mears and
               Andreas Schutt and
               Peter J. Stuckey and
               Guido Tack and
               Kim Marriott and
               Mark Wallace},
  title     = {Modelling with Option Types in {MiniZinc}},
  booktitle = {Integration of {AI} and {OR} Techniques in Constraint Programming
               - 11th International Conference, {CPAIOR} 2014, Cork, Ireland, May
               19-23, 2014. Proceedings},
  pages     = {88--103},
  year      = {2014},
  crossref  = {DBLP:conf/cpaior/2014},
  doi       = {10.1007/978-3-319-07046-9\_7},
  timestamp = {Tue, 14 May 2019 10:00:47 +0200},
  biburl    = {https://dblp.org/rec/conf/cpaior/MearsSSTMW14.bib},
  bibsource = {dblp computer science bibliography, https://dblp.org}
}
@proceedings{DBLP:conf/cpaior/2014,
  editor    = {Helmut Simonis},
  title     = {Integration of {AI} and {OR} Techniques in Constraint Programming
               - 11th International Conference, {CPAIOR} 2014, Cork, Ireland, May
               19-23, 2014. Proceedings},
  series    = {Lecture Notes in Computer Science},
  volume    = {8451},
  publisher = {Springer},
  year      = {2014},
  doi       = {10.1007/978-3-319-07046-9},
  isbn      = {978-3-319-07045-2},
  timestamp = {Tue, 14 May 2019 10:00:47 +0200},
  biburl    = {https://dblp.org/rec/conf/cpaior/2014.bib},
  bibsource = {dblp computer science bibliography, https://dblp.org}
}
@book{DBLP:books/daglib/0090259,
  url       = {https://doi.org/10.1145/2936726},
  author    = {Thomas Jech},
  title     = {Set theory, Second Edition},
  series    = {Perspectives in Mathematical Logic},
  publisher = {Springer},
  year      = {1997},
  isbn      = {978-3-540-63048-7},
  timestamp = {Mon, 09 May 2011 13:00:48 +0200},
  biburl    = {https://dblp.org/rec/books/daglib/0090259.bib},
  bibsource = {dblp computer science bibliography, https://dblp.org}
}
@article{gaifman1964concerning,
  title={Concerning measures on {Boolean} algebras},
  author={Gaifman, Haim},
  journal={Pacific Journal of Mathematics},
  volume={14},
  number={1},
  pages={61--73},
  year={1964},
  publisher={Pacific Journal of Mathematics}
}
@article{DBLP:journals/corr/abs-2005-09089,
  author    = {Steven Holtzen and
               Guy {Van den Broeck} and
               Todd D. Millstein},
  title     = {Dice: Compiling Discrete Probabilistic Programs for Scalable Inference},
  journal   = {CoRR},
  volume    = {abs/2005.09089},
  year      = {2020},
  archivePrefix = {arXiv},
  eprint    = {2005.09089},
  timestamp = {Fri, 22 May 2020 16:21:29 +0200},
  biburl    = {https://dblp.org/rec/journals/corr/abs-2005-09089.bib},
  bibsource = {dblp computer science bibliography, https://dblp.org}
}
@incollection{gaifman1982local,
  title={On local and non-local properties},
  author={Gaifman, Haim},
  booktitle={Studies in Logic and the Foundations of Mathematics},
  volume={107},
  pages={105--135},
  year={1982},
  publisher={Elsevier}
}
@inproceedings{DBLP:conf/uai/BoutilierFGK96,
  author    = {Craig Boutilier and
               Nir Friedman and
               Mois{\'{e}}s Goldszmidt and
               Daphne Koller},
  title     = {Context-Specific Independence in {Bayesian} Networks},
  booktitle = {{UAI} '96: Proceedings of the Twelfth Annual Conference on Uncertainty
               in Artificial Intelligence, Reed College, Portland, Oregon, USA, August
               1-4, 1996},
  pages     = {115--123},
  year      = {1996},
  crossref  = {DBLP:conf/uai/1996},
  url       = {https://dslpitt.org/uai/displayArticleDetails.jsp?mmnu=1&smnu=2&article_id=359&proceeding_id=12},
  timestamp = {Wed, 06 May 2015 15:02:56 +0200},
  biburl    = {https://dblp.org/rec/conf/uai/BoutilierFGK96.bib},
  bibsource = {dblp computer science bibliography, https://dblp.org}
}
@proceedings{DBLP:conf/uai/1996,
  editor    = {Eric Horvitz and
               Finn Verner Jensen},
  title     = {{UAI} '96: Proceedings of the Twelfth Annual Conference on Uncertainty
               in Artificial Intelligence, Reed College, Portland, Oregon, USA, August
               1-4, 1996},
  publisher = {Morgan Kaufmann},
  year      = {1996},
  isbn      = {1-55860-412-X},
  timestamp = {Thu, 15 Dec 2011 17:17:44 +0100},
  biburl    = {https://dblp.org/rec/conf/uai/1996.bib},
  bibsource = {dblp computer science bibliography, https://dblp.org}
}
@inproceedings{DBLP:conf/sat/WeiS05,
  author    = {Wei Wei and
               Bart Selman},
  title     = {A New Approach to Model Counting},
  booktitle = {Theory and Applications of Satisfiability Testing, 8th International
               Conference, {SAT} 2005, St. Andrews, UK, June 19-23, 2005, Proceedings},
  pages     = {324--339},
  year      = {2005},
  crossref  = {DBLP:conf/sat/2005},
  doi       = {10.1007/11499107_24},
  timestamp = {Tue, 14 May 2019 10:00:41 +0200},
  biburl    = {https://dblp.org/rec/conf/sat/WeiS05.bib},
  bibsource = {dblp computer science bibliography, https://dblp.org}
}
@proceedings{DBLP:conf/sat/2005,
  editor    = {Fahiem Bacchus and
               Toby Walsh},
  title     = {Theory and Applications of Satisfiability Testing, 8th International
               Conference, {SAT} 2005, St. Andrews, UK, June 19-23, 2005, Proceedings},
  series    = {Lecture Notes in Computer Science},
  volume    = {3569},
  publisher = {Springer},
  year      = {2005},
  doi       = {10.1007/b137280},
  isbn      = {3-540-26276-8},
  timestamp = {Tue, 14 May 2019 10:00:41 +0200},
  biburl    = {https://dblp.org/rec/conf/sat/2005.bib},
  bibsource = {dblp computer science bibliography, https://dblp.org}
}
@book{DBLP:books/daglib/0024906,
  author    = {Adnan Darwiche},
  title     = {Modeling and Reasoning with {Bayesian} Networks},
  publisher = {Cambridge University Press},
  year      = {2009},
  url       = {http://www.cambridge.org/uk/catalogue/catalogue.asp?isbn=9780521884389},
  isbn      = {978-0-521-88438-9},
  timestamp = {Wed, 09 Feb 2011 13:05:45 +0100},
  biburl    = {https://dblp.org/rec/books/daglib/0024906.bib},
  bibsource = {dblp computer science bibliography, https://dblp.org}
}
@book{DBLP:books/daglib/0023820,
  author    = {Stuart J. Russell and
               Peter Norvig},
  title     = {Artificial Intelligence - {A} Modern Approach, Third International
               Edition},
  publisher = {Pearson Education},
  year      = {2010},
  url       = {http://vig.pearsoned.com/store/product/1,1207,store-12521_isbn-0136042597,00.html},
  isbn      = {978-0-13-207148-2},
  timestamp = {Mon, 15 Jul 2019 16:26:46 +0200},
  biburl    = {https://dblp.org/rec/books/daglib/0023820.bib},
  bibsource = {dblp computer science bibliography, https://dblp.org}
}
@inproceedings{DBLP:conf/ijcai/LagniezM17,
  author    = {Jean{-}Marie Lagniez and
               Pierre Marquis},
  title     = {An Improved Decision-DNNF Compiler},
  booktitle = {Proceedings of the Twenty-Sixth International Joint Conference on
               Artificial Intelligence, {IJCAI} 2017, Melbourne, Australia, August
               19-25, 2017},
  pages     = {667--673},
  year      = {2017},
  crossref  = {DBLP:conf/ijcai/2017},
  doi       = {10.24963/ijcai.2017/93},
  timestamp = {Tue, 20 Aug 2019 16:17:27 +0200},
  biburl    = {https://dblp.org/rec/conf/ijcai/LagniezM17.bib},
  bibsource = {dblp computer science bibliography, https://dblp.org}
}
@inproceedings{DBLP:conf/aaai/ChakrabortyFMSV14,
  author    = {Supratik Chakraborty and
               Daniel J. Fremont and
               Kuldeep S. Meel and
               Sanjit A. Seshia and
               Moshe Y. Vardi},
  title     = {Distribution-Aware Sampling and Weighted Model Counting for {SAT}},
  booktitle = {Proceedings of the Twenty-Eighth {AAAI} Conference on Artificial Intelligence,
               July 27 -31, 2014, Qu{\'{e}}bec City, Qu{\'{e}}bec, Canada},
  pages     = {1722--1730},
  year      = {2014},
  crossref  = {DBLP:conf/aaai/2014},
  url       = {http://www.aaai.org/ocs/index.php/AAAI/AAAI14/paper/view/8364},
  timestamp = {Thu, 31 Jul 2014 09:00:19 +0200},
  biburl    = {https://dblp.org/rec/conf/aaai/ChakrabortyFMSV14.bib},
  bibsource = {dblp computer science bibliography, https://dblp.org}
}
@proceedings{DBLP:conf/aaai/2014,
  editor    = {Carla E. Brodley and
               Peter Stone},
  title     = {Proceedings of the Twenty-Eighth {AAAI} Conference on Artificial Intelligence,
               July 27 -31, 2014, Qu{\'{e}}bec City, Qu{\'{e}}bec, Canada},
  publisher = {{AAAI} Press},
  year      = {2014},
  url       = {http://www.aaai.org/Library/AAAI/aaai14contents.php},
  isbn      = {978-1-57735-661-5},
  timestamp = {Thu, 31 Jul 2014 08:59:54 +0200},
  biburl    = {https://dblp.org/rec/conf/aaai/2014.bib},
  bibsource = {dblp computer science bibliography, https://dblp.org}
}
@inproceedings{DBLP:conf/scai/VomlelT13,
  author    = {Jir{\'{\i}} Vomlel and
               Petr Tichavsk{\'{y}}},
  title     = {Probabilistic Inference in {BN2T} Models by Weighted Model Counting},
  booktitle = {Twelfth Scandinavian Conference on Artificial Intelligence, {SCAI}
               2013, Aalborg, Denmark, November 20-22, 2013},
  pages     = {275--284},
  year      = {2013},
  crossref  = {DBLP:conf/scai/2013},
  doi       = {10.3233/978-1-61499-330-8-275},
  timestamp = {Thu, 15 Jun 2017 21:34:55 +0200},
  biburl    = {https://dblp.org/rec/conf/scai/VomlelT13.bib},
  bibsource = {dblp computer science bibliography, https://dblp.org}
}
@proceedings{DBLP:conf/scai/2013,
  editor    = {Manfred Jaeger and
               Thomas Dyhre Nielsen and
               Paolo Viappiani},
  title     = {Twelfth Scandinavian Conference on Artificial Intelligence, {SCAI}
               2013, Aalborg, Denmark, November 20-22, 2013},
  series    = {Frontiers in Artificial Intelligence and Applications},
  volume    = {257},
  publisher = {{IOS} Press},
  year      = {2013},
  isbn      = {978-1-61499-329-2},
  timestamp = {Mon, 08 Feb 2021 13:39:18 +0100},
  biburl    = {https://dblp.org/rec/conf/scai/2013.bib},
  bibsource = {dblp computer science bibliography, https://dblp.org}
}
@inproceedings{my_sat_paper,
  author    = {Paulius Dilkas and Vaishak Belle},
  editor    = {Chu Min Li and Felip Many{\`{a}}},
  title     = {Weighted Model Counting Without Parameter Variables},
  booktitle = {Theory and Applications of Satisfiability Testing - {SAT} 2021 - 24th
               International Conference, Barcelona, Spain, July 5-9, 2021, Proceedings},
  series    = {Lecture Notes in Computer Science},
  publisher = {Springer},
  year      = {2021}
}
@inproceedings{DBLP:conf/ecai/KwisthoutBG10,
  author    = {Johan Kwisthout and
               Hans L. Bodlaender and
               Linda C. van der Gaag},
  editor    = {Helder Coelho and
               Rudi Studer and
               Michael J. Wooldridge},
  title     = {The Necessity of Bounded Treewidth for Efficient Inference in {Bayesian}
               Networks},
  booktitle = {{ECAI} 2010 - 19th European Conference on Artificial Intelligence,
               Lisbon, Portugal, August 16-20, 2010, Proceedings},
  series    = {Frontiers in Artificial Intelligence and Applications},
  volume    = {215},
  pages     = {237--242},
  publisher = {{IOS} Press},
  year      = {2010},
  url       = {http://www.booksonline.iospress.nl/Content/View.aspx?piid=17749},
  timestamp = {Fri, 26 Apr 2019 14:26:43 +0200},
  biburl    = {https://dblp.org/rec/conf/ecai/KwisthoutBG10.bib},
  bibsource = {dblp computer science bibliography, https://dblp.org}
}
@inproceedings{DBLP:conf/cp/DudekPV20,
  author    = {Jeffrey M. Dudek and
               Vu H. N. Phan and
               Moshe Y. Vardi},
  editor    = {Helmut Simonis},
  title     = {{DPMC:} Weighted Model Counting by Dynamic Programming on Project-Join
               Trees},
  booktitle = {Principles and Practice of Constraint Programming - 26th International
               Conference, {CP} 2020, Louvain-la-Neuve, Belgium, September 7-11,
               2020, Proceedings},
  series    = {Lecture Notes in Computer Science},
  volume    = {12333},
  pages     = {211--230},
  publisher = {Springer},
  year      = {2020},
  doi       = {10.1007/978-3-030-58475-7\_13},
  timestamp = {Tue, 08 Sep 2020 19:28:09 +0200},
  biburl    = {https://dblp.org/rec/conf/cp/DudekPV20.bib},
  bibsource = {dblp computer science bibliography, https://dblp.org}
}
@article{DBLP:journals/tc/Bryant86,
  author    = {Randal E. Bryant},
  title     = {Graph-Based Algorithms for Boolean Function Manipulation},
  journal   = {{IEEE} Trans. Computers},
  volume    = {35},
  number    = {8},
  pages     = {677--691},
  year      = {1986},
  doi       = {10.1109/TC.1986.1676819},
  timestamp = {Wed, 14 Nov 2018 10:48:32 +0100},
  biburl    = {https://dblp.org/rec/journals/tc/Bryant86.bib},
  bibsource = {dblp computer science bibliography, https://dblp.org}
}
@inproceedings{DBLP:conf/ecsqaru/ChoiKD13,
  author    = {Arthur Choi and
               Doga Kisa and
               Adnan Darwiche},
  editor    = {Linda C. van der Gaag},
  title     = {Compiling Probabilistic Graphical Models Using Sentential Decision
               Diagrams},
  booktitle = {Symbolic and Quantitative Approaches to Reasoning with Uncertainty
               - 12th European Conference, {ECSQARU} 2013, Utrecht, The Netherlands,
               July 8-10, 2013. Proceedings},
  series    = {Lecture Notes in Computer Science},
  volume    = {7958},
  pages     = {121--132},
  publisher = {Springer},
  year      = {2013},
  doi       = {10.1007/978-3-642-39091-3\_11},
  timestamp = {Tue, 14 May 2019 10:00:54 +0200},
  biburl    = {https://dblp.org/rec/conf/ecsqaru/ChoiKD13.bib},
  bibsource = {dblp computer science bibliography, https://dblp.org}
}
@article{DBLP:journals/jct/RobertsonS84,
  author    = {Neil Robertson and
               Paul D. Seymour},
  title     = {Graph minors. {III.} Planar tree-width},
  journal   = {J. Comb. Theory, Ser. {B}},
  volume    = {36},
  number    = {1},
  pages     = {49--64},
  year      = {1984},
  doi       = {10.1016/0095-8956(84)90013-3},
  timestamp = {Wed, 14 Nov 2018 10:50:08 +0100},
  biburl    = {https://dblp.org/rec/journals/jct/RobertsonS84.bib},
  bibsource = {dblp computer science bibliography, https://dblp.org}
}
@inproceedings{DBLP:conf/aaai/DudekPV20,
  author    = {Jeffrey M. Dudek and
               Vu Phan and
               Moshe Y. Vardi},
  title     = {{ADDMC:} Weighted Model Counting with Algebraic Decision Diagrams},
  booktitle = {The Thirty-Fourth {AAAI} Conference on Artificial Intelligence, {AAAI}
               2020, The Thirty-Second Innovative Applications of Artificial Intelligence
               Conference, {IAAI} 2020, The Tenth {AAAI} Symposium on Educational
               Advances in Artificial Intelligence, {EAAI} 2020, New York, NY, USA,
               February 7-12, 2020},
  pages     = {1468--1476},
  publisher = {{AAAI} Press},
  year      = {2020},
  url       = {https://aaai.org/ojs/index.php/AAAI/article/view/5505},
  timestamp = {Tue, 02 Feb 2021 08:00:10 +0100},
  biburl    = {https://dblp.org/rec/conf/aaai/DudekPV20.bib},
  bibsource = {dblp computer science bibliography, https://dblp.org}
}
@article{somenzi1998cudd,
  title={{CUDD}: {CU} decision diagram package release 3.0.0},
  author={Somenzi, Fabio},
  journal={University of Colorado at Boulder},
  year={2015}
}
@inproceedings{DBLP:conf/ecai/BartKLM16,
  author    = {Anicet Bart and
               Fr{\'{e}}d{\'{e}}ric Koriche and
               Jean{-}Marie Lagniez and
               Pierre Marquis},
  editor    = {Gal A. Kaminka and
               Maria Fox and
               Paolo Bouquet and
               Eyke H{\"{u}}llermeier and
               Virginia Dignum and
               Frank Dignum and
               Frank van Harmelen},
  title     = {An Improved {CNF} Encoding Scheme for Probabilistic Inference},
  booktitle = {{ECAI} 2016 - 22nd European Conference on Artificial Intelligence,
               29 August-2 September 2016, The Hague, The Netherlands - Including
               Prestigious Applications of Artificial Intelligence {(PAIS} 2016)},
  series    = {Frontiers in Artificial Intelligence and Applications},
  volume    = {285},
  pages     = {613--621},
  publisher = {{IOS} Press},
  year      = {2016},
  doi       = {10.3233/978-1-61499-672-9-613},
  timestamp = {Wed, 24 May 2017 08:27:20 +0200},
  biburl    = {https://dblp.org/rec/conf/ecai/BartKLM16.bib},
  bibsource = {dblp computer science bibliography, https://dblp.org}
}
@article{DBLP:journals/ai/ChaviraD08,
  author    = {Mark Chavira and
               Adnan Darwiche},
  title     = {On probabilistic inference by weighted model counting},
  journal   = {Artif. Intell.},
  volume    = {172},
  number    = {6-7},
  pages     = {772--799},
  year      = {2008},
  doi       = {10.1016/j.artint.2007.11.002},
  timestamp = {Sat, 27 May 2017 14:24:42 +0200},
  biburl    = {https://dblp.org/rec/journals/ai/ChaviraD08.bib},
  bibsource = {dblp computer science bibliography, https://dblp.org}
}
@inproceedings{DBLP:conf/ecai/Darwiche04,
  author    = {Adnan Darwiche},
  editor    = {Ram{\'{o}}n L{\'{o}}pez de M{\'{a}}ntaras and
               Lorenza Saitta},
  title     = {New Advances in Compiling {CNF} into Decomposable Negation Normal
               Form},
  booktitle = {Proceedings of the 16th Eureopean Conference on Artificial Intelligence,
               ECAI'2004, including Prestigious Applicants of Intelligent Systems,
               {PAIS} 2004, Valencia, Spain, August 22-27, 2004},
  pages     = {328--332},
  publisher = {{IOS} Press},
  year      = {2004},
  timestamp = {Fri, 11 May 2018 12:42:30 +0200},
  biburl    = {https://dblp.org/rec/conf/ecai/Darwiche04.bib},
  bibsource = {dblp computer science bibliography, https://dblp.org}
}
@inproceedings{DBLP:conf/sat/SangBBKP04,
  author    = {Tian Sang and
               Fahiem Bacchus and
               Paul Beame and
               Henry A. Kautz and
               Toniann Pitassi},
  title     = {Combining Component Caching and Clause Learning for Effective Model
               Counting},
  booktitle = {{SAT} 2004 - The Seventh International Conference on Theory and Applications
               of Satisfiability Testing, 10-13 May 2004, Vancouver, BC, Canada,
               Online Proceedings},
  year      = {2004},
  url       = {http://www.satisfiability.org/SAT04/programme/21.pdf},
  timestamp = {Thu, 12 Mar 2020 11:37:14 +0100},
  biburl    = {https://dblp.org/rec/conf/sat/SangBBKP04.bib},
  bibsource = {dblp computer science bibliography, https://dblp.org}
}
@inproceedings{DBLP:conf/cpaior/AbseherMW17,
  author    = {Michael Abseher and
               Nysret Musliu and
               Stefan Woltran},
  editor    = {Domenico Salvagnin and
               Michele Lombardi},
  title     = {htd - {A} Free, Open-Source Framework for (Customized) Tree Decompositions
               and Beyond},
  booktitle = {Integration of {AI} and {OR} Techniques in Constraint Programming
               - 14th International Conference, {CPAIOR} 2017, Padua, Italy, June
               5-8, 2017, Proceedings},
  series    = {Lecture Notes in Computer Science},
  volume    = {10335},
  pages     = {376--386},
  publisher = {Springer},
  year      = {2017},
  doi       = {10.1007/978-3-319-59776-8\_30},
  timestamp = {Tue, 29 Dec 2020 18:41:17 +0100},
  biburl    = {https://dblp.org/rec/conf/cpaior/AbseherMW17.bib},
  bibsource = {dblp computer science bibliography, https://dblp.org}
}
@inproceedings{DBLP:conf/kr/Darwiche02,
  author    = {Adnan Darwiche},
  editor    = {Dieter Fensel and
               Fausto Giunchiglia and
               Deborah L. McGuinness and
               Mary{-}Anne Williams},
  title     = {A Logical Approach to Factoring Belief Networks},
  booktitle = {Proceedings of the Eights International Conference on Principles and
               Knowledge Representation and Reasoning (KR-02), Toulouse, France,
               April 22-25, 2002},
  pages     = {409--420},
  publisher = {Morgan Kaufmann},
  year      = {2002},
  timestamp = {Tue, 22 Jul 2003 15:20:23 +0200},
  biburl    = {https://dblp.org/rec/conf/kr/Darwiche02.bib},
  bibsource = {dblp computer science bibliography, https://dblp.org}
}
@inproceedings{DBLP:conf/ijcai/ChaviraD05,
  author    = {Mark Chavira and
               Adnan Darwiche},
  editor    = {Leslie Pack Kaelbling and
               Alessandro Saffiotti},
  title     = {Compiling {Bayesian} Networks with Local Structure},
  booktitle = {IJCAI-05, Proceedings of the Nineteenth International Joint Conference
               on Artificial Intelligence, Edinburgh, Scotland, UK, July 30 - August
               5, 2005},
  pages     = {1306--1312},
  publisher = {Professional Book Center},
  year      = {2005},
  url       = {http://ijcai.org/Proceedings/05/Papers/0931.pdf},
  timestamp = {Tue, 20 Aug 2019 16:17:00 +0200},
  biburl    = {https://dblp.org/rec/conf/ijcai/ChaviraD05.bib},
  bibsource = {dblp computer science bibliography, https://dblp.org}
}
@inproceedings{DBLP:conf/sat/ChaviraD06,
  author    = {Mark Chavira and
               Adnan Darwiche},
  editor    = {Armin Biere and
               Carla P. Gomes},
  title     = {Encoding {CNFs} to Empower Component Analysis},
  booktitle = {Theory and Applications of Satisfiability Testing - {SAT} 2006, 9th
               International Conference, Seattle, WA, USA, August 12-15, 2006, Proceedings},
  series    = {Lecture Notes in Computer Science},
  volume    = {4121},
  pages     = {61--74},
  publisher = {Springer},
  year      = {2006},
  doi       = {10.1007/11814948\_9},
  timestamp = {Tue, 14 May 2019 10:00:41 +0200},
  biburl    = {https://dblp.org/rec/conf/sat/ChaviraD06.bib},
  bibsource = {dblp computer science bibliography, https://dblp.org}
}
@inproceedings{DBLP:conf/aaai/SangBK05,
  author    = {Tian Sang and
               Paul Beame and
               Henry A. Kautz},
  editor    = {Manuela M. Veloso and
               Subbarao Kambhampati},
  title     = {Performing {Bayesian} Inference by Weighted Model Counting},
  booktitle = {Proceedings, The Twentieth National Conference on Artificial Intelligence
               and the Seventeenth Innovative Applications of Artificial Intelligence
               Conference, July 9-13, 2005, Pittsburgh, Pennsylvania, {USA}},
  pages     = {475--482},
  publisher = {{AAAI} Press / The {MIT} Press},
  year      = {2005},
  url       = {http://www.aaai.org/Library/AAAI/2005/aaai05-075.php},
  timestamp = {Wed, 10 Feb 2021 08:43:24 +0100},
  biburl    = {https://dblp.org/rec/conf/aaai/SangBK05.bib},
  bibsource = {dblp computer science bibliography, https://dblp.org}
}
@phdthesis{shen2020modeling,
  title={Modeling, Learning and Reasoning with Structured {Bayesian} Networks},
  author={Shen, Yujia},
  year={2020},
  school={UCLA}
}
@article{DBLP:journals/jancl/Darwiche01,
  author    = {Adnan Darwiche},
  title     = {On the Tractable Counting of Theory Models and its Application to
               Truth Maintenance and Belief Revision},
  journal   = {J. Appl. Non Class. Logics},
  volume    = {11},
  number    = {1-2},
  pages     = {11--34},
  year      = {2001},
  doi       = {10.3166/jancl.11.11-34},
  timestamp = {Sat, 25 Apr 2020 14:02:36 +0200},
  biburl    = {https://dblp.org/rec/journals/jancl/Darwiche01.bib},
  bibsource = {dblp computer science bibliography, https://dblp.org}
}
@inproceedings{DBLP:conf/ijcai/OztokD15,
  author    = {Umut Oztok and
               Adnan Darwiche},
  editor    = {Qiang Yang and
               Michael J. Wooldridge},
  title     = {A Top-Down Compiler for Sentential Decision Diagrams},
  booktitle = {Proceedings of the Twenty-Fourth International Joint Conference on
               Artificial Intelligence, {IJCAI} 2015, Buenos Aires, Argentina, July
               25-31, 2015},
  pages     = {3141--3148},
  publisher = {{AAAI} Press},
  year      = {2015},
  url       = {http://ijcai.org/Abstract/15/443},
  timestamp = {Tue, 20 Aug 2019 16:16:44 +0200},
  biburl    = {https://dblp.org/rec/conf/ijcai/OztokD15.bib},
  bibsource = {dblp computer science bibliography, https://dblp.org}
}
@inproceedings{DBLP:conf/ijcai/Darwiche11,
  author    = {Adnan Darwiche},
  editor    = {Toby Walsh},
  title     = {{SDD:} {A} New Canonical Representation of Propositional Knowledge
               Bases},
  booktitle = {{IJCAI} 2011, Proceedings of the 22nd International Joint Conference
               on Artificial Intelligence, Barcelona, Catalonia, Spain, July 16-22,
               2011},
  pages     = {819--826},
  publisher = {{IJCAI/AAAI}},
  year      = {2011},
  doi       = {10.5591/978-1-57735-516-8/IJCAI11-143},
  timestamp = {Tue, 20 Aug 2019 16:16:04 +0200},
  biburl    = {https://dblp.org/rec/conf/ijcai/Darwiche11.bib},
  bibsource = {dblp computer science bibliography, https://dblp.org}
}
@article{DBLP:journals/ijar/ChaviraDJ06,
  author    = {Mark Chavira and
               Adnan Darwiche and
               Manfred Jaeger},
  title     = {Compiling relational {Bayesian} networks for exact inference},
  journal   = {Int. J. Approx. Reason.},
  volume    = {42},
  number    = {1-2},
  pages     = {4--20},
  year      = {2006},
  doi       = {10.1016/j.ijar.2005.10.001},
  timestamp = {Tue, 16 Feb 2021 08:55:03 +0100},
  biburl    = {https://dblp.org/rec/journals/ijar/ChaviraDJ06.bib},
  bibsource = {dblp computer science bibliography, https://dblp.org}
}
@article{DBLP:journals/fmsd/BaharFGHMPS97,
  author    = {R. Iris Bahar and
               Erica A. Frohm and
               Charles M. Gaona and
               Gary D. Hachtel and
               Enrico Macii and
               Abelardo Pardo and
               Fabio Somenzi},
  title     = {Algebraic Decision Diagrams and Their Applications},
  journal   = {Formal Methods Syst. Des.},
  volume    = {10},
  number    = {2/3},
  pages     = {171--206},
  year      = {1997},
  doi       = {10.1023/A:1008699807402},
  timestamp = {Fri, 27 Mar 2020 08:37:15 +0100},
  biburl    = {https://dblp.org/rec/journals/fmsd/BaharFGHMPS97.bib},
  bibsource = {dblp computer science bibliography, https://dblp.org}
}
@inproceedings{DBLP:conf/ijcai/SannerM05,
  author    = {Scott Sanner and
               David A. McAllester},
  editor    = {Leslie Pack Kaelbling and
               Alessandro Saffiotti},
  title     = {Affine Algebraic Decision Diagrams ({AADDs}) and their Application to
               Structured Probabilistic Inference},
  booktitle = {IJCAI-05, Proceedings of the Nineteenth International Joint Conference
               on Artificial Intelligence, Edinburgh, Scotland, UK, July 30 - August
               5, 2005},
  pages     = {1384--1390},
  publisher = {Professional Book Center},
  year      = {2005},
  url       = {http://ijcai.org/Proceedings/05/Papers/1439.pdf},
  timestamp = {Tue, 20 Aug 2019 16:19:14 +0200},
  biburl    = {https://dblp.org/rec/conf/ijcai/SannerM05.bib},
  bibsource = {dblp computer science bibliography, https://dblp.org}
}
@inproceedings{DBLP:conf/ijcai/ChaviraD07,
  author    = {Mark Chavira and
               Adnan Darwiche},
  editor    = {Manuela M. Veloso},
  title     = {Compiling {Bayesian} Networks Using Variable Elimination},
  booktitle = {{IJCAI} 2007, Proceedings of the 20th International Joint Conference
               on Artificial Intelligence, Hyderabad, India, January 6-12, 2007},
  pages     = {2443--2449},
  year      = {2007},
  url       = {http://ijcai.org/Proceedings/07/Papers/393.pdf},
  timestamp = {Tue, 20 Aug 2019 16:18:58 +0200},
  biburl    = {https://dblp.org/rec/conf/ijcai/ChaviraD07.bib},
  bibsource = {dblp computer science bibliography, https://dblp.org}
}
@article{DBLP:journals/ai/SannerB09,
  author    = {Scott Sanner and
               Craig Boutilier},
  title     = {Practical solution techniques for first-order {MDPs}},
  journal   = {Artif. Intell.},
  volume    = {173},
  number    = {5-6},
  pages     = {748--788},
  year      = {2009},
  doi       = {10.1016/j.artint.2008.11.003},
  timestamp = {Sat, 27 May 2017 14:24:42 +0200},
  biburl    = {https://dblp.org/rec/journals/ai/SannerB09.bib},
  bibsource = {dblp computer science bibliography, https://dblp.org}
}
@inproceedings{DBLP:conf/uai/HoeySHB99,
  author    = {Jesse Hoey and
               Robert St{-}Aubin and
               Alan J. Hu and
               Craig Boutilier},
  editor    = {Kathryn B. Laskey and
               Henri Prade},
  title     = {{SPUDD:} Stochastic Planning using Decision Diagrams},
  booktitle = {{UAI} '99: Proceedings of the Fifteenth Conference on Uncertainty
               in Artificial Intelligence, Stockholm, Sweden, July 30 - August 1,
               1999},
  pages     = {279--288},
  publisher = {Morgan Kaufmann},
  year      = {1999},
  timestamp = {Wed, 03 Feb 2021 11:09:11 +0100},
  biburl    = {https://dblp.org/rec/conf/uai/HoeySHB99.bib},
  bibsource = {dblp computer science bibliography, https://dblp.org}
}
@inproceedings{DBLP:conf/uai/SannerDB11,
  author    = {Scott Sanner and
               Karina Valdivia Delgado and
               Leliane Nunes de Barros},
  editor    = {F{\'{a}}bio Gagliardi Cozman and
               Avi Pfeffer},
  title     = {Symbolic Dynamic Programming for Discrete and Continuous State {MDPs}},
  booktitle = {{UAI} 2011, Proceedings of the Twenty-Seventh Conference on Uncertainty
               in Artificial Intelligence, Barcelona, Spain, July 14-17, 2011},
  pages     = {643--652},
  publisher = {{AUAI} Press},
  year      = {2011},
  timestamp = {Wed, 03 Feb 2021 11:09:31 +0100},
  biburl    = {https://dblp.org/rec/conf/uai/SannerDB11.bib},
  bibsource = {dblp computer science bibliography, https://dblp.org}
}
@inproceedings{DBLP:conf/icml/ZhaoMP15,
  author    = {Han Zhao and
               Mazen Melibari and
               Pascal Poupart},
  editor    = {Francis R. Bach and
               David M. Blei},
  title     = {On the Relationship between Sum-Product Networks and {Bayesian} Networks},
  booktitle = {Proceedings of the 32nd International Conference on Machine Learning,
               {ICML} 2015, Lille, France, 6-11 July 2015},
  series    = {{JMLR} Workshop and Conference Proceedings},
  volume    = {37},
  pages     = {116--124},
  publisher = {JMLR.org},
  year      = {2015},
  url       = {http://proceedings.mlr.press/v37/zhaoc15.html},
  timestamp = {Wed, 29 May 2019 08:41:45 +0200},
  biburl    = {https://dblp.org/rec/conf/icml/ZhaoMP15.bib},
  bibsource = {dblp computer science bibliography, https://dblp.org}
}
@inproceedings{DBLP:conf/uai/GogateD11,
  author    = {Vibhav Gogate and
               Pedro M. Domingos},
  editor    = {F{\'{a}}bio Gagliardi Cozman and
               Avi Pfeffer},
  title     = {Approximation by Quantization},
  booktitle = {{UAI} 2011, Proceedings of the Twenty-Seventh Conference on Uncertainty
               in Artificial Intelligence, Barcelona, Spain, July 14-17, 2011},
  pages     = {247--255},
  publisher = {{AUAI} Press},
  year      = {2011},
  timestamp = {Wed, 03 Feb 2021 11:09:28 +0100},
  biburl    = {https://dblp.org/rec/conf/uai/GogateD11.bib},
  bibsource = {dblp computer science bibliography, https://dblp.org}
}
@inproceedings{DBLP:conf/aaai/FargierMNS14,
  author    = {H{\'{e}}l{\`{e}}ne Fargier and
               Pierre Marquis and
               Alexandre Niveau and
               Nicolas Schmidt},
  editor    = {Carla E. Brodley and
               Peter Stone},
  title     = {A Knowledge Compilation Map for Ordered Real-Valued Decision Diagrams},
  booktitle = {Proceedings of the Twenty-Eighth {AAAI} Conference on Artificial Intelligence,
               July 27 -31, 2014, Qu{\'{e}}bec City, Qu{\'{e}}bec, Canada},
  pages     = {1049--1055},
  publisher = {{AAAI} Press},
  year      = {2014},
  url       = {http://www.aaai.org/ocs/index.php/AAAI/AAAI14/paper/view/8195},
  timestamp = {Thu, 18 Feb 2021 14:57:36 +0100},
  biburl    = {https://dblp.org/rec/conf/aaai/FargierMNS14.bib},
  bibsource = {dblp computer science bibliography, https://dblp.org}
}
@inproceedings{DBLP:conf/ijcai/KolbMSBK18,
  author    = {Samuel Kolb and
               Martin Mladenov and
               Scott Sanner and
               Vaishak Belle and
               Kristian Kersting},
  editor    = {J{\'{e}}r{\^{o}}me Lang},
  title     = {Efficient Symbolic Integration for Probabilistic Inference},
  booktitle = {Proceedings of the Twenty-Seventh International Joint Conference on
               Artificial Intelligence, {IJCAI} 2018, July 13-19, 2018, Stockholm,
               Sweden},
  pages     = {5031--5037},
  publisher = {ijcai.org},
  year      = {2018},
  doi       = {10.24963/ijcai.2018/698},
  timestamp = {Tue, 20 Aug 2019 16:19:08 +0200},
  biburl    = {https://dblp.org/rec/conf/ijcai/KolbMSBK18.bib},
  bibsource = {dblp computer science bibliography, https://dblp.org}
}
@inproceedings{DBLP:conf/ijcai/BellePB15,
  author    = {Vaishak Belle and
               Andrea Passerini and
               Guy {Van den Broeck}},
  editor    = {Qiang Yang and
               Michael J. Wooldridge},
  title     = {Probabilistic Inference in Hybrid Domains by Weighted Model Integration},
  booktitle = {Proceedings of the Twenty-Fourth International Joint Conference on
               Artificial Intelligence, {IJCAI} 2015, Buenos Aires, Argentina, July
               25-31, 2015},
  pages     = {2770--2776},
  publisher = {{AAAI} Press},
  year      = {2015},
  url       = {http://ijcai.org/Abstract/15/392},
  timestamp = {Tue, 20 Aug 2019 16:17:58 +0200},
  biburl    = {https://dblp.org/rec/conf/ijcai/BellePB15.bib},
  bibsource = {dblp computer science bibliography, https://dblp.org}
}
@inproceedings{DBLP:conf/uai/PoonD11,
  author    = {Hoifung Poon and
               Pedro M. Domingos},
  editor    = {F{\'{a}}bio Gagliardi Cozman and
               Avi Pfeffer},
  title     = {Sum-Product Networks: {A} New Deep Architecture},
  booktitle = {{UAI} 2011, Proceedings of the Twenty-Seventh Conference on Uncertainty
               in Artificial Intelligence, Barcelona, Spain, July 14-17, 2011},
  pages     = {337--346},
  publisher = {{AUAI} Press},
  year      = {2011},
  timestamp = {Wed, 03 Feb 2021 11:09:15 +0100},
  biburl    = {https://dblp.org/rec/conf/uai/PoonD11.bib},
  bibsource = {dblp computer science bibliography, https://dblp.org}
}
@article{DBLP:journals/corr/abs-1908-04381,
  author    = {Jeffrey M. Dudek and
               Leonardo Due{\~{n}}as{-}Osorio and
               Moshe Y. Vardi},
  title     = {Efficient Contraction of Large Tensor Networks for Weighted Model
               Counting through Graph Decompositions},
  journal   = {CoRR},
  volume    = {abs/1908.04381},
  year      = {2019},
  archivePrefix = {arXiv},
  eprint    = {1908.04381},
  timestamp = {Mon, 19 Aug 2019 13:21:03 +0200},
  biburl    = {https://dblp.org/rec/journals/corr/abs-1908-04381.bib},
  bibsource = {dblp computer science bibliography, https://dblp.org}
}
@inproceedings{DBLP:conf/icml/XuZFLB18,
  author    = {Jingyi Xu and
               Zilu Zhang and
               Tal Friedman and
               Yitao Liang and
               Guy {Van den Broeck}},
  editor    = {Jennifer G. Dy and
               Andreas Krause},
  title     = {A Semantic Loss Function for Deep Learning with Symbolic Knowledge},
  booktitle = {Proceedings of the 35th International Conference on Machine Learning,
               {ICML} 2018, Stockholmsm{\"{a}}ssan, Stockholm, Sweden, July
               10-15, 2018},
  series    = {Proceedings of Machine Learning Research},
  volume    = {80},
  pages     = {5498--5507},
  publisher = {{PMLR}},
  year      = {2018},
  url       = {http://proceedings.mlr.press/v80/xu18h.html},
  timestamp = {Wed, 03 Apr 2019 18:17:30 +0200},
  biburl    = {https://dblp.org/rec/conf/icml/XuZFLB18.bib},
  bibsource = {dblp computer science bibliography, https://dblp.org}
}
@article{DBLP:journals/pacmpl/HoltzenBM20,
  author    = {Steven Holtzen and
               Guy {Van den Broeck} and
               Todd D. Millstein},
  title     = {Scaling exact inference for discrete probabilistic programs},
  journal   = {Proc. {ACM} Program. Lang.},
  volume    = {4},
  number    = {{OOPSLA}},
  pages     = {140:1--140:31},
  year      = {2020},
  doi       = {10.1145/3428208},
  timestamp = {Wed, 17 Feb 2021 08:54:05 +0100},
  biburl    = {https://dblp.org/rec/journals/pacmpl/HoltzenBM20.bib},
  bibsource = {dblp computer science bibliography, https://dblp.org}
}
@article{DBLP:journals/tplp/FierensBRSGTJR15,
  author    = {Daan Fierens and
               Guy {Van den Broeck} and
               Joris Renkens and
               Dimitar Sht. Shterionov and
               Bernd Gutmann and
               Ingo Thon and
               Gerda Janssens and
               Luc {De Raedt}},
  title     = {Inference and learning in probabilistic logic programs using weighted
               {Boolean} formulas},
  journal   = {Theory Pract. Log. Program.},
  volume    = {15},
  number    = {3},
  pages     = {358--401},
  year      = {2015},
  doi       = {10.1017/S1471068414000076},
  timestamp = {Mon, 26 Oct 2020 08:22:48 +0100},
  biburl    = {https://dblp.org/rec/journals/tplp/FierensBRSGTJR15.bib},
  bibsource = {dblp computer science bibliography, https://dblp.org}
}
@inproceedings{DBLP:conf/uai/GogateD10,
  author    = {Vibhav Gogate and
               Pedro M. Domingos},
  editor    = {Peter Gr{\"{u}}nwald and
               Peter Spirtes},
  title     = {Formula-Based Probabilistic Inference},
  booktitle = {{UAI} 2010, Proceedings of the Twenty-Sixth Conference on Uncertainty
               in Artificial Intelligence, Catalina Island, CA, USA, July 8-11, 2010},
  pages     = {210--219},
  publisher = {{AUAI} Press},
  year      = {2010},
  timestamp = {Wed, 03 Feb 2021 11:09:25 +0100},
  biburl    = {https://dblp.org/rec/conf/uai/GogateD10.bib},
  bibsource = {dblp computer science bibliography, https://dblp.org}
}
@inproceedings{DBLP:conf/aaai/Belle17,
  author    = {Vaishak Belle},
  editor    = {Satinder P. Singh and
               Shaul Markovitch},
  title     = {Open-Universe Weighted Model Counting},
  booktitle = {Proceedings of the Thirty-First {AAAI} Conference on Artificial Intelligence,
               February 4-9, 2017, San Francisco, California, {USA}},
  pages     = {3701--3708},
  publisher = {{AAAI} Press},
  year      = {2017},
  url       = {http://aaai.org/ocs/index.php/AAAI/AAAI17/paper/view/15008},
  timestamp = {Wed, 10 Feb 2021 08:43:31 +0100},
  biburl    = {https://dblp.org/rec/conf/aaai/Belle17.bib},
  bibsource = {dblp computer science bibliography, https://dblp.org}
}
@article{DBLP:journals/japll/KimmigBR17,
  author    = {Angelika Kimmig and
               Guy {Van den Broeck} and
               Luc {De Raedt}},
  title     = {Algebraic model counting},
  journal   = {J. Appl. Log.},
  volume    = {22},
  pages     = {46--62},
  year      = {2017},
  doi       = {10.1016/j.jal.2016.11.031},
  timestamp = {Mon, 26 Oct 2020 08:46:28 +0100},
  biburl    = {https://dblp.org/rec/journals/japll/KimmigBR17.bib},
  bibsource = {dblp computer science bibliography, https://dblp.org}
}
@article{DBLP:journals/ijar/BelleR20,
  author    = {Vaishak Belle and
               Luc {De Raedt}},
  title     = {Semiring programming: {A} semantic framework for generalized sum product
               problems},
  journal   = {Int. J. Approx. Reason.},
  volume    = {126},
  pages     = {181--201},
  year      = {2020},
  doi       = {10.1016/j.ijar.2020.08.001},
  timestamp = {Mon, 26 Oct 2020 08:33:46 +0100},
  biburl    = {https://dblp.org/rec/journals/ijar/BelleR20.bib},
  bibsource = {dblp computer science bibliography, https://dblp.org}
}
@article{DBLP:journals/cacm/GogateD16,
  author    = {Vibhav Gogate and
               Pedro M. Domingos},
  title     = {Probabilistic theorem proving},
  journal   = {Commun. {ACM}},
  volume    = {59},
  number    = {7},
  pages     = {107--115},
  year      = {2016},
  doi       = {10.1145/2936726},
  timestamp = {Tue, 06 Nov 2018 12:51:41 +0100},
  biburl    = {https://dblp.org/rec/journals/cacm/GogateD16.bib},
  bibsource = {dblp computer science bibliography, https://dblp.org}
}
@inproceedings{DBLP:conf/ijcai/BroeckTMDR11,
  author    = {Guy {Van den Broeck} and
               Nima Taghipour and
               Wannes Meert and
               Jesse Davis and
               Luc {De Raedt}},
  editor    = {Toby Walsh},
  title     = {Lifted Probabilistic Inference by First-Order Knowledge Compilation},
  booktitle = {{IJCAI} 2011, Proceedings of the 22nd International Joint Conference
               on Artificial Intelligence, Barcelona, Catalonia, Spain, July 16-22,
               2011},
  pages     = {2178--2185},
  publisher = {{IJCAI/AAAI}},
  year      = {2011},
  doi       = {10.5591/978-1-57735-516-8/IJCAI11-363},
  timestamp = {Sun, 25 Oct 2020 23:13:55 +0100},
  biburl    = {https://dblp.org/rec/conf/ijcai/BroeckTMDR11.bib},
  bibsource = {dblp computer science bibliography, https://dblp.org}
}
@inproceedings{DBLP:conf/focs/BacchusDP03,
  author    = {Fahiem Bacchus and
               Shannon Dalmao and
               Toniann Pitassi},
  title     = {Algorithms and Complexity Results for {{\#}SAT} and {Bayesian} Inference},
  booktitle = {44th Symposium on Foundations of Computer Science {(FOCS} 2003), 11-14
               October 2003, Cambridge, MA, USA, Proceedings},
  pages     = {340--351},
  publisher = {{IEEE} Computer Society},
  year      = {2003},
  doi       = {10.1109/SFCS.2003.1238208},
  timestamp = {Wed, 16 Oct 2019 14:14:54 +0200},
  biburl    = {https://dblp.org/rec/conf/focs/BacchusDP03.bib},
  bibsource = {dblp computer science bibliography, https://dblp.org}
}
@article{DBLP:journals/jda/SamerS10,
  author    = {Marko Samer and
               Stefan Szeider},
  title     = {Algorithms for propositional model counting},
  journal   = {J. Discrete Algorithms},
  volume    = {8},
  number    = {1},
  pages     = {50--64},
  year      = {2010},
  doi       = {10.1016/j.jda.2009.06.002},
  timestamp = {Tue, 16 Feb 2021 14:03:27 +0100},
  biburl    = {https://dblp.org/rec/journals/jda/SamerS10.bib},
  bibsource = {dblp computer science bibliography, https://dblp.org}
}
@article{kindermann1980markov,
  title={Markov random fields and their applications},
  author={Kindermann, Ross},
  journal={American mathematical society},
  year={1980}
}
@article{DBLP:journals/dam/BorosH02,
  author    = {Endre Boros and
               Peter L. Hammer},
  title     = {Pseudo-{Boolean} optimization},
  journal   = {Discret. Appl. Math.},
  volume    = {123},
  number    = {1-3},
  pages     = {155--225},
  year      = {2002},
  doi       = {10.1016/S0166-218X(01)00341-9},
  timestamp = {Thu, 11 Feb 2021 23:26:31 +0100},
  biburl    = {https://dblp.org/rec/journals/dam/BorosH02.bib},
  bibsource = {dblp computer science bibliography, https://dblp.org}
}
@book{DBLP:books/daglib/0029942,
  author    = {Mordechai Ben{-}Ari},
  title     = {Mathematical Logic for Computer Science, 3rd Edition},
  publisher = {Springer},
  year      = {2012},
  doi       = {10.1007/978-1-4471-4129-7},
  isbn      = {978-1-4471-4128-0},
  timestamp = {Fri, 08 May 2020 14:07:25 +0200},
  biburl    = {https://dblp.org/rec/books/daglib/0029942.bib},
  bibsource = {dblp computer science bibliography, https://dblp.org}
}
@book{DBLP:books/daglib/0023546,
  author    = {Ronald J. Brachman and
               Hector J. Levesque},
  title     = {Knowledge Representation and Reasoning},
  publisher = {Elsevier},
  year      = {2004},
  url       = {http://www.elsevier.com/wps/find/bookdescription.cws\_home/702602/description},
  isbn      = {978-1-55860-932-7},
  timestamp = {Thu, 14 Apr 2011 14:43:24 +0200},
  biburl    = {https://dblp.org/rec/books/daglib/0023546.bib},
  bibsource = {dblp computer science bibliography, https://dblp.org}
}